{"link":"kosik.cz","html":"<head>\n        <meta charset=\"utf-8\">\n        <title>\n                Košík.cz - Online supermarket, který drží ceny nízko | Košík.cz\n        </title>\n        <meta name=\"description\" content=\"\">\n        <meta name=\"viewport\" content=\"width=device-width, initial-scale=1.0, minimum-scale=1.0, maximum-scale=1.0, user-scalable=0\">\n        <meta name=\"google-site-verification\" content=\"D_TktPqmDVHPoqRO1IIcPVlm_ozerAa43QP0QcKATP0\">\n        <link rel=\"apple-touch-icon\" href=\"/css/images/logo.png\">\n        <link rel=\"stylesheet\" type=\"text/css\" href=\"/css/slim.min.css\">\n\n<link rel=\"stylesheet\" type=\"text/css\" href=\"/webtemp/cssloader-6fe495a87813.css?1492514775\">\n<script type=\"text/javascript\" async=\"\" src=\"https://www.google-analytics.com/plugins/ua/ec.js\"></script><script type=\"text/javascript\" async=\"\" src=\"https://www.google-analytics.com/plugins/ua/linkid.js\"></script><script async=\"\" charset=\"utf-8\" src=\"//v2.zopim.com/?2vrvybqatdZkdjUq0shJgcneG83Lrb0E\" type=\"text/javascript\"></script><script src=\"https://connect.facebook.net/signals/config/1012120625494019?v=stable\" async=\"\"></script><script src=\"https://connect.facebook.net/signals/config/338087796401059?v=stable\" async=\"\"></script><script async=\"\" src=\"//connect.facebook.net/en_US/fbevents.js\"></script><script async=\"\" src=\"//connect.facebook.net/en_US/fbds.js\"></script><script type=\"text/javascript\" async=\"\" src=\"//www.googleadservices.com/pagead/conversion_async.js\"></script><script type=\"text/javascript\" async=\"\" src=\"https://www.google-analytics.com/analytics.js\"></script><script id=\"facebook-jssdk\" src=\"//connect.facebook.net/en_US/sdk.js#xfbml=1&amp;version=v2.4&amp;appId=680354828760786\"></script><script async=\"\" src=\"https://www.googletagmanager.com/gtm.js?id=GTM-MXLVZK\"></script><script type=\"text/javascript\" src=\"/webtemp/jsloader-d615168e82c7.js?1491159287\"></script>\n        \n<script type=\"text/javascript\">\n    var dataLayer = dataLayer || [];\n    dataLayer.push({\n        'pageType': \"Home\",\n        'visitorLoginState': 'Anonymous',\n            });\n</script>\n<!-- Google Tag Manager -->\n    <script>\n        (\n            function(w,d,s,l,i){\n                w[l]=w[l]||[];\n                w[l].push({'gtm.start':new Date().getTime(),event:'gtm.js'});\n                var f=d.getElementsByTagName(s)[0],j=d.createElement(s),dl=l!='dataLayer'?'&l='+l:'';\n                j.async=true;\n                j.src='https://www.googletagmanager.com/gtm.js?id='+i+dl;\n                f.parentNode.insertBefore(j,f);\n            }\n        )(window,document,'script','dataLayer',\"GTM-MXLVZK\");\n    </script>\n<!-- End Google Tag Manager -->                    <style type=\"text/css\">.fb_hidden{position:absolute;top:-10000px;z-index:10001}.fb_reposition{overflow:hidden;position:relative}.fb_invisible{display:none}.fb_reset{background:none;border:0;border-spacing:0;color:#000;cursor:auto;direction:ltr;font-family:\"lucida grande\", tahoma, verdana, arial, sans-serif;font-size:11px;font-style:normal;font-variant:normal;font-weight:normal;letter-spacing:normal;line-height:1;margin:0;overflow:visible;padding:0;text-align:left;text-decoration:none;text-indent:0;text-shadow:none;text-transform:none;visibility:visible;white-space:normal;word-spacing:normal}.fb_reset>div{overflow:hidden}.fb_link img{border:none}@keyframes fb_transform{from{opacity:0;transform:scale(.95)}to{opacity:1;transform:scale(1)}}.fb_animate{animation:fb_transform .3s forwards}\n.fb_dialog{background:rgba(82, 82, 82, .7);position:absolute;top:-10000px;z-index:10001}.fb_reset .fb_dialog_legacy{overflow:visible}.fb_dialog_advanced{padding:10px;-moz-border-radius:8px;-webkit-border-radius:8px;border-radius:8px}.fb_dialog_content{background:#fff;color:#333}.fb_dialog_close_icon{background:url(https://static.xx.fbcdn.net/rsrc.php/v3/yq/r/IE9JII6Z1Ys.png) no-repeat scroll 0 0 transparent;cursor:pointer;display:block;height:15px;position:absolute;right:18px;top:17px;width:15px}.fb_dialog_mobile .fb_dialog_close_icon{top:5px;left:5px;right:auto}.fb_dialog_padding{background-color:transparent;position:absolute;width:1px;z-index:-1}.fb_dialog_close_icon:hover{background:url(https://static.xx.fbcdn.net/rsrc.php/v3/yq/r/IE9JII6Z1Ys.png) no-repeat scroll 0 -15px transparent}.fb_dialog_close_icon:active{background:url(https://static.xx.fbcdn.net/rsrc.php/v3/yq/r/IE9JII6Z1Ys.png) no-repeat scroll 0 -30px transparent}.fb_dialog_loader{background-color:#f6f7f9;border:1px solid #606060;font-size:24px;padding:20px}.fb_dialog_top_left,.fb_dialog_top_right,.fb_dialog_bottom_left,.fb_dialog_bottom_right{height:10px;width:10px;overflow:hidden;position:absolute}.fb_dialog_top_left{background:url(https://static.xx.fbcdn.net/rsrc.php/v3/ye/r/8YeTNIlTZjm.png) no-repeat 0 0;left:-10px;top:-10px}.fb_dialog_top_right{background:url(https://static.xx.fbcdn.net/rsrc.php/v3/ye/r/8YeTNIlTZjm.png) no-repeat 0 -10px;right:-10px;top:-10px}.fb_dialog_bottom_left{background:url(https://static.xx.fbcdn.net/rsrc.php/v3/ye/r/8YeTNIlTZjm.png) no-repeat 0 -20px;bottom:-10px;left:-10px}.fb_dialog_bottom_right{background:url(https://static.xx.fbcdn.net/rsrc.php/v3/ye/r/8YeTNIlTZjm.png) no-repeat 0 -30px;right:-10px;bottom:-10px}.fb_dialog_vert_left,.fb_dialog_vert_right,.fb_dialog_horiz_top,.fb_dialog_horiz_bottom{position:absolute;background:#525252;filter:alpha(opacity=70);opacity:.7}.fb_dialog_vert_left,.fb_dialog_vert_right{width:10px;height:100%}.fb_dialog_vert_left{margin-left:-10px}.fb_dialog_vert_right{right:0;margin-right:-10px}.fb_dialog_horiz_top,.fb_dialog_horiz_bottom{width:100%;height:10px}.fb_dialog_horiz_top{margin-top:-10px}.fb_dialog_horiz_bottom{bottom:0;margin-bottom:-10px}.fb_dialog_iframe{line-height:0}.fb_dialog_content .dialog_title{background:#6d84b4;border:1px solid #365899;color:#fff;font-size:14px;font-weight:bold;margin:0}.fb_dialog_content .dialog_title>span{background:url(https://static.xx.fbcdn.net/rsrc.php/v3/yd/r/Cou7n-nqK52.gif) no-repeat 5px 50%;float:left;padding:5px 0 7px 26px}body.fb_hidden{-webkit-transform:none;height:100%;margin:0;overflow:visible;position:absolute;top:-10000px;left:0;width:100%}.fb_dialog.fb_dialog_mobile.loading{background:url(https://static.xx.fbcdn.net/rsrc.php/v3/ya/r/3rhSv5V8j3o.gif) white no-repeat 50% 50%;min-height:100%;min-width:100%;overflow:hidden;position:absolute;top:0;z-index:10001}.fb_dialog.fb_dialog_mobile.loading.centered{width:auto;height:auto;min-height:initial;min-width:initial;background:none}.fb_dialog.fb_dialog_mobile.loading.centered #fb_dialog_loader_spinner{width:100%}.fb_dialog.fb_dialog_mobile.loading.centered .fb_dialog_content{background:none}.loading.centered #fb_dialog_loader_close{color:#fff;display:block;padding-top:20px;clear:both;font-size:18px}#fb-root #fb_dialog_ipad_overlay{background:rgba(0, 0, 0, .45);position:absolute;bottom:0;left:0;right:0;top:0;width:100%;min-height:100%;z-index:10000}#fb-root #fb_dialog_ipad_overlay.hidden{display:none}.fb_dialog.fb_dialog_mobile.loading iframe{visibility:hidden}.fb_dialog_content .dialog_header{-webkit-box-shadow:white 0 1px 1px -1px inset;background:-webkit-gradient(linear, 0% 0%, 0% 100%, from(#738ABA), to(#2C4987));border-bottom:1px solid;border-color:#1d4088;color:#fff;font:14px Helvetica, sans-serif;font-weight:bold;text-overflow:ellipsis;text-shadow:rgba(0, 30, 84, .296875) 0 -1px 0;vertical-align:middle;white-space:nowrap}.fb_dialog_content .dialog_header table{-webkit-font-smoothing:subpixel-antialiased;height:43px;width:100%}.fb_dialog_content .dialog_header td.header_left{font-size:12px;padding-left:5px;vertical-align:middle;width:60px}.fb_dialog_content .dialog_header td.header_right{font-size:12px;padding-right:5px;vertical-align:middle;width:60px}.fb_dialog_content .touchable_button{background:-webkit-gradient(linear, 0% 0%, 0% 100%, from(#4966A6), color-stop(.5, #355492), to(#2A4887));border:1px solid #29487d;-webkit-background-clip:padding-box;-webkit-border-radius:3px;-webkit-box-shadow:rgba(0, 0, 0, .117188) 0 1px 1px inset, rgba(255, 255, 255, .167969) 0 1px 0;display:inline-block;margin-top:3px;max-width:85px;line-height:18px;padding:4px 12px;position:relative}.fb_dialog_content .dialog_header .touchable_button input{border:none;background:none;color:#fff;font:12px Helvetica, sans-serif;font-weight:bold;margin:2px -12px;padding:2px 6px 3px 6px;text-shadow:rgba(0, 30, 84, .296875) 0 -1px 0}.fb_dialog_content .dialog_header .header_center{color:#fff;font-size:16px;font-weight:bold;line-height:18px;text-align:center;vertical-align:middle}.fb_dialog_content .dialog_content{background:url(https://static.xx.fbcdn.net/rsrc.php/v3/y9/r/jKEcVPZFk-2.gif) no-repeat 50% 50%;border:1px solid #555;border-bottom:0;border-top:0;height:150px}.fb_dialog_content .dialog_footer{background:#f6f7f9;border:1px solid #555;border-top-color:#ccc;height:40px}#fb_dialog_loader_close{float:left}.fb_dialog.fb_dialog_mobile .fb_dialog_close_button{text-shadow:rgba(0, 30, 84, .296875) 0 -1px 0}.fb_dialog.fb_dialog_mobile .fb_dialog_close_icon{visibility:hidden}#fb_dialog_loader_spinner{animation:rotateSpinner 1.2s linear infinite;background-color:transparent;background-image:url(https://static.xx.fbcdn.net/rsrc.php/v3/yD/r/t-wz8gw1xG1.png);background-repeat:no-repeat;background-position:50% 50%;height:24px;width:24px}@keyframes rotateSpinner{0%{transform:rotate(0deg)}100%{transform:rotate(360deg)}}\n.fb_iframe_widget{display:inline-block;position:relative}.fb_iframe_widget span{display:inline-block;position:relative;text-align:justify}.fb_iframe_widget iframe{position:absolute}.fb_iframe_widget_fluid_desktop,.fb_iframe_widget_fluid_desktop span,.fb_iframe_widget_fluid_desktop iframe{max-width:100%}.fb_iframe_widget_fluid_desktop iframe{min-width:220px;position:relative}.fb_iframe_widget_lift{z-index:1}.fb_hide_iframes iframe{position:relative;left:-10000px}.fb_iframe_widget_loader{position:relative;display:inline-block}.fb_iframe_widget_fluid{display:inline}.fb_iframe_widget_fluid span{width:100%}.fb_iframe_widget_loader iframe{min-height:32px;z-index:2;zoom:1}.fb_iframe_widget_loader .FB_Loader{background:url(https://static.xx.fbcdn.net/rsrc.php/v3/y9/r/jKEcVPZFk-2.gif) no-repeat;height:32px;width:32px;margin-left:-16px;position:absolute;left:50%;z-index:4}</style><style media=\"print\" class=\"jx_ui_StyleSheet\" __jx__id=\"___$_2\" type=\"text/css\">.zopim { display: none !important }</style></head>\n    <body><div class=\"kosik-modal-overlay\" id=\"product-set-add-modal\">\n        <div class=\"kosik-modal-inner medium super-scaled\">\n            <span class=\"kosik-modal-close\"></span>\n\n\t\t\t\t<div class=\"product-set-add-modal-overlay\" id=\"snippet--productSetModalArea\">\n\t<h3>Přidání na seznam</h3>\n\t<p align=\"center\">Produkt byl přidán na nákupní seznam</p>\n\t\t\t\t</div>\n\t\t\t</div>\n\t\t</div><div class=\"kosik-modal-overlay\" id=\"login-modal\">\n            <div class=\"kosik-modal-inner medium super-scaled\">\n                <div class=\"login-modal-dialog-box\">\n<span class=\"log-in-close-tag kosik-modal-close\">\n</span>\n<div class=\"login-modal\" id=\"snippet-loginModal-signIn-singIN\">\n        <h2>Přihlásit</h2>\n        <form action=\"/\" method=\"post\" id=\"frm-loginModal-signIn-signInForm\">\n            <div class=\"form-row\">\n                    <label for=\"frm-loginModal-signIn-signInForm-email\">E-mailová adresa</label>\n                <input type=\"text\" name=\"email\" maxlength=\"255\" id=\"frm-loginModal-signIn-signInForm-email\" required=\"\" data-nette-rules=\"[{&quot;op&quot;:&quot;:filled&quot;,&quot;msg&quot;:&quot;Zadejte prosím svoji e-mailovou adresu.&quot;},{&quot;op&quot;:&quot;:email&quot;,&quot;msg&quot;:&quot;E-mailová adresa nemá správný formát.&quot;},{&quot;op&quot;:&quot;:maxLength&quot;,&quot;msg&quot;:&quot;Maximální délka e-mailové adresy je %length% znaků.&quot;,&quot;arg&quot;:255}]\" class=\"form-control\">\n            </div>\n            <div class=\"form-row\">\n                    <label for=\"frm-loginModal-signIn-signInForm-password\">Heslo</label>\n                <input type=\"password\" name=\"password\" id=\"frm-loginModal-signIn-signInForm-password\" required=\"\" data-nette-rules=\"[{&quot;op&quot;:&quot;:filled&quot;,&quot;msg&quot;:&quot;Zadejte prosím své heslo.&quot;}]\" class=\"form-control\">\n            </div>\n            <div class=\"form-row\">\n                <a class=\"ajax link-red\" href=\"/?do=loginModal-signIn-recovery\">Zapomněli jste heslo?</a>\n            </div>\n            <div class=\"form-row\">\n                <input type=\"submit\" name=\"send\" value=\"Přihlásit\" class=\"button button-red ajax\">\n            </div>\n        <input type=\"hidden\" name=\"do\" value=\"loginModal-signIn-signInForm-submit\"></form>\n\n        <div class=\"form-row\">\n            <span class=\"row-delimiter\">\n                <b>nebo</b>\n            </span>\n        </div>\n        <div class=\"form-row\">\n<a class=\"button button-facebook\" data-href=\"true\" href=\"/?do=loginModal-signIn-facebook-fbLogin-open\">Facebook přihlášení</a>        </div>\n</div>\n<div class=\"login-modal\" id=\"snippet-loginModal-signUp-singUP\">\n    <h2>Registrovat</h2>\n<div id=\"snippet-loginModal-signUp-register\">        <form action=\"/\" method=\"post\" id=\"frm-loginModal-signUp-signUpFormMain\">\n            <div class=\"form-row\">\n                    <label for=\"frm-loginModal-signUp-signUpFormMain-email\">E-mailová adresa</label>\n                <input type=\"text\" name=\"email\" maxlength=\"255\" id=\"frm-loginModal-signUp-signUpFormMain-email\" required=\"\" data-nette-rules=\"[{&quot;op&quot;:&quot;:filled&quot;,&quot;msg&quot;:&quot;Zadejte prosím svou e-mailovou adresu.&quot;},{&quot;op&quot;:&quot;:email&quot;,&quot;msg&quot;:&quot;E-mailová adresa nemá správný formát.&quot;},{&quot;op&quot;:&quot;:maxLength&quot;,&quot;msg&quot;:&quot;Maximální délka e-mailové adresy je %length% znaků.&quot;,&quot;arg&quot;:255}]\" class=\"form-control\">\n            </div>\n\n            <div class=\"form-row\">\n                <a href=\"/zajima-vas/proc-vybrat-kosik\" class=\"link-red\">Proč se registrovat?</a>\n            </div>\n            <div class=\"form-row\">\n                <input type=\"submit\" name=\"send\" value=\"Registrovat\" class=\"ajax button button-red\">\n            </div>\n        <input type=\"hidden\" name=\"do\" value=\"loginModal-signUp-signUpFormMain-submit\"><!--[if IE]><input type=IEbug disabled style=\"display:none\"><![endif]-->\n</form>\n\n                                                <p class=\"benefits\">\n            <i class=\"fa fa-check\"></i>\n            <b>Garance</b> spokojenosti\n        </p>\n        <p class=\"benefits\">\n            <i class=\"fa fa-check\"></i>\n            <b>Doprava</b> zdarma\n        </p>\n</div></div>\n                </div>\n            </div>\n        </div><div class=\"kosik-modal-overlay zero-padding\" id=\"weighable-modal\">\n\t\t\t<div class=\"kosik-modal-inner large  super-scaled\">\n\n\t\t\t\t<div class=\"kosik-modal-close\"></div>\n\n\t\t\t\t<div class=\"region region-fullwidth-image\">\n\t\t\t\t\t<div class=\"region-inner region-fullwidth-image-inner\">\n\t\t\t\t\t\t<img src=\"/css/images/veg.jpg\" alt=\"\">\n\t\t\t\t\t</div>\n\t\t\t\t</div>\n\t\t\t\t<div class=\"region region-modal-content\">\n\t\t\t\t\t<div class=\"region-inner region-modal-content-inner  align-center\">\n\t\t\t\t\t\t<h1 class=\"title\"><strong>Kolik u nás zaplatíte</strong> <span>za maso, ovoce a zeleninu?</span>\n\t\t\t\t\t\t</h1>\n\n\t\t\t\t\t\t<div class=\"block block-steps\">\n\t\t\t\t\t\t\t<div class=\"block-steps-inner\">\n\t\t\t\t\t\t\t\t<div class=\"step\">\n\t\t\t\t\t\t\t\t\t\t\t\t\t\t\t\t\t\t<p class=\"step-text\">Slovíčka „cca\" se u nás bát nemusíte! Jde pouze o přibližný\n\t\t\t\t\t\t\t\t\t\todhad ceny, <strong>ve finále vám naúčtujeme pouze reálnou váhu daného\n\t\t\t\t\t\t\t\t\t\t\tvýrobku.</strong></p>\n\t\t\t\t\t\t\t\t</div>\n\t\t\t\t\t\t\t\t<div class=\"step\">\n\t\t\t\t\t\t\t\t\t\t\t\t\t\t\t\t\t\t<p class=\"step-text\">Při platbě v hotovosti vás kurýr obeznámí s výslednou cenou.\n\t\t\t\t\t\t\t\t\t\tPři platbě kartou vám případný rozdíl bude vrácen zpět na váš účet.</p>\n\t\t\t\t\t\t\t\t</div>\n\t\t\t\t\t\t\t\t<div class=\"step\">\n\t\t\t\t\t\t\t\t\t\t\t\t\t\t\t\t\t\t<p class=\"step-text\">Nikdy se však nebude jednat o rozdíl větší než 30% z ceny\n\t\t\t\t\t\t\t\t\t\tvýrobku.</p>\n\t\t\t\t\t\t\t\t</div>\n\t\t\t\t\t\t\t</div>\n\t\t\t\t\t\t</div>\n\t\t\t\t\t\t<a class=\"button button-red green-button\" onclick=\"kosikModal.closeModal(document.getElementById('weighable-modal'))\">Pokračovat v\n\t\t\t\t\t\t\tnákupu</a>\n\t\t\t\t\t</div>\n\t\t\t\t</div>\n\n\t\t\t</div>\n\t\t</div><div class=\"kosik-modal-overlay product-modal\" id=\"farm-productModal\" role=\"dialog\">\n\t\t\t\t<div class=\"kosik-modal-inner large super-scaled\" id=\"snippet--productModalArea\">\n\t\t\t\t</div>\n\t\t\t</div><div class=\"kosik-modal-overlay\" id=\"productWidget-widgetCarousel-1novinky-productSetModal\" role=\"dialog\">\n    <div class=\"kosik-modal-inner large super-scaled\" id=\"snippet-productWidget-widgetCarousel-1novinky-productSetModalArea\">\n    </div>\n</div><div class=\"kosik-modal-overlay product-modal\" id=\"productWidget-widgetCarousel-1novinky-productModal\" role=\"dialog\">\n    <div class=\"kosik-modal-inner large super-scaled\" id=\"snippet-productWidget-widgetCarousel-1novinky-productModalArea\">\n    </div>\n</div><div class=\"kosik-modal-overlay\" id=\"productWidget-widgetCarousel-1-productSetModal\" role=\"dialog\">\n    <div class=\"kosik-modal-inner large super-scaled\" id=\"snippet-productWidget-widgetCarousel-1-productSetModalArea\">\n    </div>\n</div><div class=\"kosik-modal-overlay product-modal\" id=\"productWidget-widgetCarousel-1-productModal\" role=\"dialog\">\n    <div class=\"kosik-modal-inner large super-scaled\" id=\"snippet-productWidget-widgetCarousel-1-productModalArea\">\n    </div>\n</div><div class=\"kosik-modal-overlay\" id=\"productWidget-widgetCarousel-1akce-productSetModal\" role=\"dialog\">\n    <div class=\"kosik-modal-inner large super-scaled\" id=\"snippet-productWidget-widgetCarousel-1akce-productSetModalArea\">\n    </div>\n</div><div class=\"kosik-modal-overlay product-modal\" id=\"productWidget-widgetCarousel-1akce-productModal\" role=\"dialog\">\n    <div class=\"kosik-modal-inner large super-scaled\" id=\"snippet-productWidget-widgetCarousel-1akce-productModalArea\">\n    </div>\n</div>\n<!-- Google Tag Manager (noscript) -->\n\t<noscript>&lt;iframe src=\"https://www.googletagmanager.com/ns.html?id=GTM-MXLVZK\" height=\"0\" width=\"0\" style=\"display:none;visibility:hidden\"&gt;&lt;/iframe&gt;</noscript>\n<!-- End Google Tag Manager (noscript) -->\n\t            <div id=\"fb-root\" class=\" fb_reset\"><div style=\"position: absolute; top: -10000px; height: 0px; width: 0px;\"><div><iframe name=\"fb_xdm_frame_https\" frameborder=\"0\" allowtransparency=\"true\" allowfullscreen=\"true\" scrolling=\"no\" id=\"fb_xdm_frame_https\" aria-hidden=\"true\" title=\"Facebook Cross Domain Communication Frame\" tabindex=\"-1\" src=\"https://staticxx.facebook.com/connect/xd_arbiter/r/96nq-xsaNcg.js?version=42#channel=f2639756d653d98&amp;origin=https%3A%2F%2Fwww.kosik.cz\" style=\"border: none;\"></iframe></div></div><div style=\"position: absolute; top: -10000px; height: 0px; width: 0px;\"><div></div></div></div>\n        <script async=\"\">(function (d, s, id) {\n                var js, fjs = d.getElementsByTagName(s)[0];\n                if (d.getElementById(id)) return;\n                js = d.createElement(s);\n                js.id = id;\n                js.src = \"//connect.facebook.net/en_US/sdk.js#xfbml=1&version=v2.4&appId=680354828760786\";\n                fjs.parentNode.insertBefore(js, fjs);\n            }(document, 'script', 'facebook-jssdk'));\n        </script>\n        <div class=\"black-overlay\"></div>\n        <div id=\"kosik-modal-blur\">\n<div id=\"snippet--wholeContent\">\t<!--[if lt IE 8]>\n\t<p class=\"browserupgrade\">You are using an <strong>outdated</strong> browser. Please <a\n\t\t\thref=\"http://browsehappy.com/\">upgrade your browser</a> to improve your experience.</p>\n\t<![endif]-->\n\t<div class=\"body\">\n\t\t<header>\n\n\t\t\t<div class=\"zone-wrapper zone-header-wrapper clearfix\">\n<div id=\"snippet-cookiesAgreementControl-bar\">    <div class=\"region region-cookie-message\">\n        <div class=\"region-inner region-cookie-message-inner\">\n            <span>Cookies nám pomáhají poskytovat lepší služby. Používáním/zobrazováním stránky vyjadřujete souhlas s jejich používáním a uchováváním.</span>\n            <a class=\"btn-info ajax\" href=\"/?do=cookiesAgreementControl-agree\">Souhlasím</a>\n        </div>\n    </div>\n</div>\t\t\t\t<div class=\"zone zone-header clearfix\">\n\t\t\t\t\t<div class=\"region region-header\">\n\t\t\t\t\t\t<div class=\"region-inner region-header-inner\">\n\t\t\t\t\t\t\t<div class=\"block block-logo\">\n\t\t\t\t\t\t\t\t<a class=\"header-logo\" href=\"/\">\n\t\t\t\t\t\t\t\t\t<img src=\"/css/images/logo.svg\" alt=\"Kosik.cz\">\n\t\t\t\t\t\t\t\t</a>\n\t\t\t\t\t\t\t</div>\n<script>\n    $(document).ready(function(){\n        var timeout;\n\n        $('.block-suggester-container .suggester input[type=text]').keyup(function(){\n            var self = $(this);\n\n            if(timeout) clearTimeout(timeout);\n\n            timeout = setTimeout(function(){\n                $.nette.ajax({\n                    url: \"https:\\/\\/www.kosik.cz\\/?do=suggester-suggest\",\n                    data: {\n                        phrase: self.val()\n                    }\n                })\n            }, 300);\n        });\n    });\n\n    function gaPush(self, cat)\n    {\n        dataLayer.push({\n            'event': 'ga.pageview',\n            'pagePath': '/hledat?q='+$('#frm-suggester-suggester-phrase').val()+'&cat='+cat,\n            'pageTitle': 'Našeptávač'\n        });\n\n        window.location = self.href;\n    }\n</script>\n<div class=\"block block-suggester-container\">\n    <div class=\"suggester\">\n        <form action=\"/\" method=\"post\" id=\"frm-suggester-suggester\">\n            <input type=\"text\" name=\"phrase\" autocomplete=\"off\" placholder=\"Hledaný výraz...\" id=\"frm-suggester-suggester-phrase\">\n            <input type=\"submit\" name=\"_submit\" value=\"\" class=\"button-simple button-red\">\n        <input type=\"hidden\" name=\"do\" value=\"suggester-suggester-submit\"><!--[if IE]><input type=IEbug disabled style=\"display:none\"><![endif]-->\n</form>\n\n    </div>\n<div id=\"snippet-suggester-suggestionResult\"></div></div>\n<script type=\"text/javascript\" async=\"\">\n    var ShoppingList = {\n        toggle: function () {\n            basic.toggleClass(document.getElementById('shopping-list-overlay'), 'active')\n        }\n    };\n\n    basic.documentReady(function () {\n\n        var textArea = document.getElementById('frm-shoppingList-listForm-queries');\n\n        if (textArea)\n            textArea.setAttribute('placeholder', 'Například: \\n\\nMléko \\nChléb \\nVejce \\nMaso \\nRajče \\n\\n\\nPro zadání klikněte do pole')\n    });\n\n</script>\n<div class=\"block block-shopping-list\" id=\"shopping-list-overlay\">\n    <a id=\"shopping-list\" class=\"shopping-list button-simple button-red\" onclick=\"ShoppingList.toggle()\">Nákupní lístek</a>\n\n    <div class=\"shopping-list-detail\">\n        <h5>Nákupní lístek</h5>\n\n        <p>Napište hledané položky a klikněte na HLEDAT</p>\n        <form action=\"/\" method=\"post\" id=\"frm-checklist-listForm\">\n        <textarea name=\"queries\" placeholder=\"Například:&amp;#13;&amp;#10;\" id=\"frm-checklist-listForm-queries\">Chléb\nNízkotučný jogurt\nVejce\nHladká mouka</textarea>\n            <div class=\"shopping-list-buttons\">\n                <a href=\"#\" class=\"link-red\" onclick=\"document.getElementById('frm-checklist-listForm').submit();\">Uložit lístek</a>\n                <a onclick=\"ShoppingList.toggle()\" class=\"link-red\">Skrýt lístek</a>\n                <input type=\"submit\" name=\"_submit\" value=\"Hledat\" class=\"button button-red\">\n            </div>\n        <input type=\"hidden\" name=\"do\" value=\"checklist-listForm-submit\"><!--[if IE]><input type=IEbug disabled style=\"display:none\"><![endif]-->\n</form>\n\n    </div>\n</div>\n                        <div class=\"block block-user-session\">\n\n\t\t\t\t\t\t\t<div class=\"user-session-group\">\n\t\t\t\t\t\t\t\t\t<a class=\"log-icon log-out-icon blur-modal-overlay kosik-modal-open log-out-icon\" data-target=\"login-modal\" \"=\"\">\n\t\t\t\t\t\t\t\t\t\t<span><img src=\"/svg/log-out.svg\" title=\"Nepřihlášený uživatel\"></span>\n\t\t\t\t\t\t\t\t\t\tPřihlásit\n\t\t\t\t\t\t\t\t\t</a>\n\n\n\t\t\t\t\t\t\t</div>\n\n\t\t\t\t\t\t\t</div>\n\t\t\t\t\t\t\t<script type=\"text/javascript\">\n\t\t\t\t\t\t\t\t$(document).ready(function () {\n\t\t\t\t\t\t\t\t\t$('.block-user-session .button').click(function (event) {\n\t\t\t\t\t\t\t\t\t\t$('.block-user-session').toggleClass('open');\n\t\t\t\t\t\t\t\t\t});\n\t\t\t\t\t\t\t\t});\n\t\t\t\t\t\t\t</script>\n\t\t\t\t\t\t</div>\n\t\t\t\t\t</div>\n\n\t\t\t\t\t<div class=\"mobile-fixed-header\" id=\"fixed-header\">\n\t\t\t\t\t\t<span class=\"navigation-mobile only-mobile\"></span>\n\t\t\t\t\t\t<span class=\"suggester-mobile-switcher icon-search\"></span>\n<div class=\"region region-navigation\" id=\"big-menu\">\n\t<div class=\"region-inner region-navigation-inner\">\n\t\t<span class=\"navigation-mobile\"></span>\n\t\t<script>\n\t\t\t$(document).ready(function () {\n\t\t\t\t$('.region-navigation ul > li.sub').hover(function () {\n\t\t\t\t\tvar isOpen = $(this).data().open;\n\n\t\t\t\t\tif (!isOpen) {\n\t\t\t\t\t\tvar images = $(this).find('img');\n\n\t\t\t\t\t\timages.each(function (index, element) {\n\t\t\t\t\t\t\t$(element).attr('src', $(element).data().src);\n\t\t\t\t\t\t});\n\n\t\t\t\t\t\t$(this).data().open = true;\n\t\t\t\t\t}\n\t\t\t\t});\n\t\t\t});\n\t\t</script>\n\n\t\t<ul>\n\t\t\t\t<li class=\"login-modal-controls  mobile-small-nav-show\">\n\t\t\t\t\t<a class=\"log-in blur-modal-overlay kosik-modal-open\" data-target=\"login-modal\" id=\"signup-open\">\n\t\t\t\t\t\tRegistrovat\n\t\t\t\t\t</a>\n\t\t\t\t\t<a class=\"log-in blur-modal-overlay kosik-modal-open\" data-target=\"login-modal\" id=\"signin-open\">\n\t\t\t\t\t\tPřihlásit\n\t\t\t\t\t</a>\n\t\t\t\t</li>\n\t\t\t\t<li class=\"facebook-nav  mobile-small-nav-show\">\n<a class=\"button button-facebook\" data-href=\"true\" href=\"/?do=menu-facebook-fbLogin-open\">Facebook přihlášení</a>\t\t\t\t</li>\n\n\n\t\t\t\t\t\t<div class=\"menu-nav-icons mobile-small-nav-show\">\n\n\t\t\t\t\n\t\t\t\t<div class=\"ico-text-group\">\n\t\t\t\t\t<a href=\"/produkty-v-akci\" data-href=\"true\">\n\t\t\t\t\t\t<span class=\"icon-circle\"><i class=\"icon-procenta\"></i></span>\n\t\t\t\t\t\t<span class=\"item-name\">Akce</span>\n\t\t\t\t\t</a>\n\t\t\t\t</div>\n\n\t\t\t\t<div class=\"ico-text-group\">\n\t\t\t\t\t<a href=\"/vyprodej\" data-href=\"true\">\n\t\t\t\t\t\t<span class=\"icon-circle\"><i class=\"icon-total-sale\"></i></span>\n\t\t\t\t\t\t<span class=\"item-name\">Výprodej</span>\n\t\t\t\t\t</a>\n\t\t\t\t</div>\n\n\t\t\t\t<div class=\"ico-text-group\">\n\t\t\t\t\t<a href=\"/recepty\" data-href=\"true\">\n\t\t\t\t\t\t<span class=\"icon-circle\"><i class=\"icon-recepty\"></i></span>\n\t\t\t\t\t\t<span class=\"item-name\">Recepty</span>\n\t\t\t\t\t</a>\n\t\t\t\t</div>\n\t\t\t</div>\n\n\t\t\t\t\t\t<li class=\"mobile-small-nav-hide\">\n\t\t\t\t<a class=\"in-action-drop\" data-href=\"true\" href=\"/produkty-v-akci\">\n\t\t\t\t\t<span class=\"in-action\">\n\t\t\t\t\t\t<i class=\"fa fa-circle fa-2x\">\n\t\t\t\t\t\t\t<b>\n\t\t\t\t\t\t\t\t%\n\t\t\t\t\t\t\t</b>\n\t\t\t\t\t\t</i>\n\t\t\t\t\t</span>\n\t\t\t\t\tAkce\n\t\t\t\t</a>\n\t\t\t</li>\n\n\t\t\t\n\t\t\t\t<li class=\"sub hidden-category\" data-open=\"false\">\n\t\t\t\t\t<a href=\"/vyprodej\" data-href=\"/vyprodej\">\n\t\t\t\t\t\tVýprodej\n\t\t\t\t\t</a>\n\n\n\t\t\t\t</li>\n\t\t\t\t<li class=\"sub with-children\" data-open=\"false\">\n\t\t\t\t\t<a href=\"/cerstve\" \"=\"\">\n\t\t\t\t\t\tČerstvé\n\t\t\t\t\t</a>\n\t\t\t\t\t\t<span class=\"category-toggle-sub mobile-small-nav-show\" onclick=\"this.parentNode.classList.toggle('open')\">\n\t\t\t\t\t\t\t<i class=\"fa fa-angle-down\" aria-hidden=\"true\"></i>\n\t\t\t\t\t\t</span>\n\n\n\t\t\t\t\t<div class=\"block block-droped-category\">\n\t\t\t\t\t\t<div class=\"block-droped-category-inner\">\n\t\t\t\t\t\t\t<div class=\"category-product-list\">\n\n\t\t\t\t\t\t\t\t\t\t\t\t\t\t\t\t<div class=\"product-type\">\n\t\t\t\t\t\t\t\t\t\t<a href=\"/cerstve/maso-drubez-a-ryby\" class=\"product-type-image\">\n\t\t\t\t\t\t\t\t\t\t\t<img data-src=\"https://cdn.kosik.cz/content/category/jpg/menu/12.jpg\" alt=\"Maso, drůbež a ryby\">\n\t\t\t\t\t\t\t\t\t\t</a>\n\t\t\t\t\t\t\t\t\t<h3>\n\t\t\t\t\t\t\t\t\t\t<a class=\"children\" href=\"/cerstve/maso-drubez-a-ryby\">\n\t\t\t\t\t\t\t\t\t\t\tMaso, drůbež a ryby\n\t\t\t\t\t\t\t\t\t\t</a>\n\t\t\t\t\t\t\t\t\t</h3>\n\n\t\t\t\t\t\t\t\t\t\t\t\t\t\t\t\t\t\t<div class=\"categories-container\">\n\n\t\t\t\t\t\t\t\t\t\t\t\t<a href=\"/cerstve/maso-drubez-a-ryby/drubez\">\n\t\t\t\t\t\t\t\t\t\t\t\t\tDrůbež,\n\t\t\t\t\t\t\t\t\t\t\t\t</a>\n\n\t\t\t\t\t\t\t\t\t\t\t\t<a href=\"/cerstve/maso-drubez-a-ryby/ryby\">\n\t\t\t\t\t\t\t\t\t\t\t\t\tRyby,\n\t\t\t\t\t\t\t\t\t\t\t\t</a>\n\n\t\t\t\t\t\t\t\t\t\t\t\t<a href=\"/cerstve/maso-drubez-a-ryby/hovezi\">\n\t\t\t\t\t\t\t\t\t\t\t\t\tHovězí,\n\t\t\t\t\t\t\t\t\t\t\t\t</a>\n\n\t\t\t\t\t\t\t\t\t\t\t\t<a href=\"/cerstve/maso-drubez-a-ryby/veprove\">\n\t\t\t\t\t\t\t\t\t\t\t\t\tVepřové,\n\t\t\t\t\t\t\t\t\t\t\t\t</a>\n\n\t\t\t\t\t\t\t\t\t\t\t\t<a href=\"/cerstve/maso-drubez-a-ryby/teleci\">\n\t\t\t\t\t\t\t\t\t\t\t\t\tTelecí,\n\t\t\t\t\t\t\t\t\t\t\t\t</a>\n\n\t\t\t\t\t\t\t\t\t\t\t\t<a href=\"/cerstve/maso-drubez-a-ryby/jehneci\">\n\t\t\t\t\t\t\t\t\t\t\t\t\tJehněčí,\n\t\t\t\t\t\t\t\t\t\t\t\t</a>\n\n\t\t\t\t\t\t\t\t\t\t\t\t<a href=\"/cerstve/maso-drubez-a-ryby/zverina\">\n\t\t\t\t\t\t\t\t\t\t\t\t\tZvěřina,\n\t\t\t\t\t\t\t\t\t\t\t\t</a>\n\n\n\t\t\t\t\t\t\t\t\t\t<a href=\"/cerstve\">...</a>\n\t\t\t\t\t\t\t\t\t</div>\n\t\t\t\t\t\t\t\t</div>\n\t\t\t\t\t\t\t\t<div class=\"product-type\">\n\t\t\t\t\t\t\t\t\t\t<a href=\"/cerstve/pecivo\" class=\"product-type-image\">\n\t\t\t\t\t\t\t\t\t\t\t<img data-src=\"https://cdn.kosik.cz/content/category/jpg/menu/14.jpg\" alt=\"Pečivo\">\n\t\t\t\t\t\t\t\t\t\t</a>\n\t\t\t\t\t\t\t\t\t<h3>\n\t\t\t\t\t\t\t\t\t\t<a class=\"children\" href=\"/cerstve/pecivo\">\n\t\t\t\t\t\t\t\t\t\t\tPečivo\n\t\t\t\t\t\t\t\t\t\t</a>\n\t\t\t\t\t\t\t\t\t</h3>\n\n\t\t\t\t\t\t\t\t\t\t\t\t\t\t\t\t\t\t<div class=\"categories-container\">\n\n\t\t\t\t\t\t\t\t\t\t\t\t<a href=\"/cerstve/pecivo/balene\">\n\t\t\t\t\t\t\t\t\t\t\t\t\tBalené,\n\t\t\t\t\t\t\t\t\t\t\t\t</a>\n\n\t\t\t\t\t\t\t\t\t\t\t\t<a href=\"/cerstve/pecivo/bezne\">\n\t\t\t\t\t\t\t\t\t\t\t\t\tBěžné,\n\t\t\t\t\t\t\t\t\t\t\t\t</a>\n\n\t\t\t\t\t\t\t\t\t\t\t\t<a href=\"/cerstve/pecivo/chleb\">\n\t\t\t\t\t\t\t\t\t\t\t\t\tChléb,\n\t\t\t\t\t\t\t\t\t\t\t\t</a>\n\n\t\t\t\t\t\t\t\t\t\t\t\t<a href=\"/cerstve/pecivo/sladke\">\n\t\t\t\t\t\t\t\t\t\t\t\t\tSladké,\n\t\t\t\t\t\t\t\t\t\t\t\t</a>\n\n\t\t\t\t\t\t\t\t\t\t\t\t<a href=\"/cerstve/pecivo/bezlepkove-pecivo\">\n\t\t\t\t\t\t\t\t\t\t\t\t\tBezlepkové pečivo,\n\t\t\t\t\t\t\t\t\t\t\t\t</a>\n\n\t\t\t\t\t\t\t\t\t\t\t\t<a href=\"/cerstve/pecivo/dorty-a-zakusky\">\n\t\t\t\t\t\t\t\t\t\t\t\t\tDorty a zákusky,\n\t\t\t\t\t\t\t\t\t\t\t\t</a>\n\t\t\t\t\t\t\t\t\t\t<a href=\"/cerstve\">...</a>\n\t\t\t\t\t\t\t\t\t</div>\n\t\t\t\t\t\t\t\t</div>\n\t\t\t\t\t\t\t\t<div class=\"product-type\">\n\t\t\t\t\t\t\t\t\t\t<a href=\"/cerstve/lahudky\" class=\"product-type-image\">\n\t\t\t\t\t\t\t\t\t\t\t<img data-src=\"https://cdn.kosik.cz/content/category/jpg/menu/17.jpg\" alt=\"Lahůdky\">\n\t\t\t\t\t\t\t\t\t\t</a>\n\t\t\t\t\t\t\t\t\t<h3>\n\t\t\t\t\t\t\t\t\t\t<a class=\"children\" href=\"/cerstve/lahudky\">\n\t\t\t\t\t\t\t\t\t\t\tLahůdky\n\t\t\t\t\t\t\t\t\t\t</a>\n\t\t\t\t\t\t\t\t\t</h3>\n\n\t\t\t\t\t\t\t\t\t\t\t\t\t\t\t\t\t\t<div class=\"categories-container\">\n\n\t\t\t\t\t\t\t\t\t\t\t\t<a href=\"/cerstve/lahudky/balene-delikatesy\">\n\t\t\t\t\t\t\t\t\t\t\t\t\tBalené delikatesy,\n\t\t\t\t\t\t\t\t\t\t\t\t</a>\n\n\t\t\t\t\t\t\t\t\t\t\t\t<a href=\"/cerstve/lahudky/balene-pastiky\">\n\t\t\t\t\t\t\t\t\t\t\t\t\tBalené paštiky,\n\t\t\t\t\t\t\t\t\t\t\t\t</a>\n\n\t\t\t\t\t\t\t\t\t\t\t\t<a href=\"/cerstve/lahudky/balene-pomazanky\">\n\t\t\t\t\t\t\t\t\t\t\t\t\tBalené pomazánky,\n\t\t\t\t\t\t\t\t\t\t\t\t</a>\n\n\n\n\n\t\t\t\t\t\t\t\t\t\t<a href=\"/cerstve\">...</a>\n\t\t\t\t\t\t\t\t\t</div>\n\t\t\t\t\t\t\t\t</div>\n\t\t\t\t\t\t\t\t<div class=\"product-type\">\n\t\t\t\t\t\t\t\t\t\t<a href=\"/cerstve/uzeniny\" class=\"product-type-image\">\n\t\t\t\t\t\t\t\t\t\t\t<img data-src=\"https://cdn.kosik.cz/content/category/jpg/menu/19.jpg\" alt=\"Uzeniny\">\n\t\t\t\t\t\t\t\t\t\t</a>\n\t\t\t\t\t\t\t\t\t<h3>\n\t\t\t\t\t\t\t\t\t\t<a class=\"children\" href=\"/cerstve/uzeniny\">\n\t\t\t\t\t\t\t\t\t\t\tUzeniny\n\t\t\t\t\t\t\t\t\t\t</a>\n\t\t\t\t\t\t\t\t\t</h3>\n\n\t\t\t\t\t\t\t\t\t\t\t\t\t\t\t\t\t\t<div class=\"categories-container\">\n\n\n\t\t\t\t\t\t\t\t\t\t\t\t<a href=\"/cerstve/uzeniny/balene-klobasy\">\n\t\t\t\t\t\t\t\t\t\t\t\t\tBalené klobásy,\n\t\t\t\t\t\t\t\t\t\t\t\t</a>\n\n\t\t\t\t\t\t\t\t\t\t\t\t<a href=\"/cerstve/uzeniny/balene-parky\">\n\t\t\t\t\t\t\t\t\t\t\t\t\tBalené párky,\n\t\t\t\t\t\t\t\t\t\t\t\t</a>\n\n\t\t\t\t\t\t\t\t\t\t\t\t<a href=\"/cerstve/uzeniny/balene-salamy\">\n\t\t\t\t\t\t\t\t\t\t\t\t\tBalené salámy,\n\t\t\t\t\t\t\t\t\t\t\t\t</a>\n\n\t\t\t\t\t\t\t\t\t\t\t\t<a href=\"/cerstve/uzeniny/balene-slaniny\">\n\t\t\t\t\t\t\t\t\t\t\t\t\tBalené slaniny,\n\t\t\t\t\t\t\t\t\t\t\t\t</a>\n\n\n\t\t\t\t\t\t\t\t\t\t<a href=\"/cerstve\">...</a>\n\t\t\t\t\t\t\t\t\t</div>\n\t\t\t\t\t\t\t\t</div>\n\t\t\t\t\t\t\t\t<div class=\"product-type\">\n\t\t\t\t\t\t\t\t\t\t<a href=\"/cerstve/syry\" class=\"product-type-image\">\n\t\t\t\t\t\t\t\t\t\t\t<img data-src=\"https://cdn.kosik.cz/content/category/jpg/menu/42.jpg\" alt=\"Sýry\">\n\t\t\t\t\t\t\t\t\t\t</a>\n\t\t\t\t\t\t\t\t\t<h3>\n\t\t\t\t\t\t\t\t\t\t<a class=\"children\" href=\"/cerstve/syry\">\n\t\t\t\t\t\t\t\t\t\t\tSýry\n\t\t\t\t\t\t\t\t\t\t</a>\n\t\t\t\t\t\t\t\t\t</h3>\n\n\t\t\t\t\t\t\t\t\t\t\t\t\t\t\t\t\t\t<div class=\"categories-container\">\n\n\t\t\t\t\t\t\t\t\t\t\t\t<a href=\"/cerstve/syry/blocky-a-speciality\">\n\t\t\t\t\t\t\t\t\t\t\t\t\tBločky a speciality,\n\t\t\t\t\t\t\t\t\t\t\t\t</a>\n\n\n\t\t\t\t\t\t\t\t\t\t\t\t<a href=\"/cerstve/syry/kozi-a-ovci-syry\">\n\t\t\t\t\t\t\t\t\t\t\t\t\tKozí a ovčí sýry,\n\t\t\t\t\t\t\t\t\t\t\t\t</a>\n\n\t\t\t\t\t\t\t\t\t\t\t\t<a href=\"/cerstve/syry/mozzarella\">\n\t\t\t\t\t\t\t\t\t\t\t\t\tMozzarella,\n\t\t\t\t\t\t\t\t\t\t\t\t</a>\n\n\n\n\n\n\n\n\n\t\t\t\t\t\t\t\t\t\t\t\t<a href=\"/cerstve/syry/bio-syry\">\n\t\t\t\t\t\t\t\t\t\t\t\t\tBio sýry,\n\t\t\t\t\t\t\t\t\t\t\t\t</a>\n\t\t\t\t\t\t\t\t\t\t<a href=\"/cerstve\">...</a>\n\t\t\t\t\t\t\t\t\t</div>\n\t\t\t\t\t\t\t\t</div>\n\t\t\t\t\t\t\t\t<div class=\"product-type\">\n\t\t\t\t\t\t\t\t\t\t<a href=\"/cerstve/mlecne-vyrobky-vejce\" class=\"product-type-image\">\n\t\t\t\t\t\t\t\t\t\t\t<img data-src=\"https://cdn.kosik.cz/content/category/jpg/menu/53.jpg\" alt=\"Mléčné výrobky, vejce\">\n\t\t\t\t\t\t\t\t\t\t</a>\n\t\t\t\t\t\t\t\t\t<h3>\n\t\t\t\t\t\t\t\t\t\t<a class=\"children\" href=\"/cerstve/mlecne-vyrobky-vejce\">\n\t\t\t\t\t\t\t\t\t\t\tMléčné výrobky, vejce\n\t\t\t\t\t\t\t\t\t\t</a>\n\t\t\t\t\t\t\t\t\t</h3>\n\n\t\t\t\t\t\t\t\t\t\t\t\t\t\t\t\t\t\t<div class=\"categories-container\">\n\n\t\t\t\t\t\t\t\t\t\t\t\t<a href=\"/cerstve/mlecne-vyrobky-vejce/bile-jogurty\">\n\t\t\t\t\t\t\t\t\t\t\t\t\tBílé jogurty,\n\t\t\t\t\t\t\t\t\t\t\t\t</a>\n\n\n\t\t\t\t\t\t\t\t\t\t\t\t<a href=\"/cerstve/mlecne-vyrobky-vejce/kysane-napoje\">\n\t\t\t\t\t\t\t\t\t\t\t\t\tKysané nápoje,\n\t\t\t\t\t\t\t\t\t\t\t\t</a>\n\n\t\t\t\t\t\t\t\t\t\t\t\t<a href=\"/cerstve/mlecne-vyrobky-vejce/mleko\">\n\t\t\t\t\t\t\t\t\t\t\t\t\tMléko,\n\t\t\t\t\t\t\t\t\t\t\t\t</a>\n\n\n\n\t\t\t\t\t\t\t\t\t\t\t\t<a href=\"/cerstve/mlecne-vyrobky-vejce/nizkotucne-jogurty\">\n\t\t\t\t\t\t\t\t\t\t\t\t\tNízkotučné jogurty,\n\t\t\t\t\t\t\t\t\t\t\t\t</a>\n\n\n\n\t\t\t\t\t\t\t\t\t\t\t\t<a href=\"/cerstve/mlecne-vyrobky-vejce/tvaroh\">\n\t\t\t\t\t\t\t\t\t\t\t\t\tTvaroh,\n\t\t\t\t\t\t\t\t\t\t\t\t</a>\n\n\n\n\n\t\t\t\t\t\t\t\t\t\t<a href=\"/cerstve\">...</a>\n\t\t\t\t\t\t\t\t\t</div>\n\t\t\t\t\t\t\t\t</div>\n\t\t\t\t\t\t\t\t<div class=\"product-type\">\n\t\t\t\t\t\t\t\t\t\t<a href=\"/cerstve/majonezy-tatarky-a-dresingy\" class=\"product-type-image\">\n\t\t\t\t\t\t\t\t\t\t\t<img data-src=\"https://cdn.kosik.cz/content/category/jpg/menu/77.jpg\" alt=\"Majonézy, tatarky a dresingy\">\n\t\t\t\t\t\t\t\t\t\t</a>\n\t\t\t\t\t\t\t\t\t<h3>\n\t\t\t\t\t\t\t\t\t\t<a class=\"children\" href=\"/cerstve/majonezy-tatarky-a-dresingy\">\n\t\t\t\t\t\t\t\t\t\t\tMajonézy, tatarky a dresingy\n\t\t\t\t\t\t\t\t\t\t</a>\n\t\t\t\t\t\t\t\t\t</h3>\n\n\t\t\t\t\t\t\t\t\t\t\t\t\t\t\t\t\t\t<div class=\"categories-container\">\n\n\t\t\t\t\t\t\t\t\t\t\t\t<a href=\"/cerstve/majonezy-tatarky-a-dresingy/dresingy\">\n\t\t\t\t\t\t\t\t\t\t\t\t\tDresingy,\n\t\t\t\t\t\t\t\t\t\t\t\t</a>\n\n\t\t\t\t\t\t\t\t\t\t<a href=\"/cerstve\">...</a>\n\t\t\t\t\t\t\t\t\t</div>\n\t\t\t\t\t\t\t\t</div>\n\t\t\t\t\t\t\t\t<div class=\"product-type\">\n\t\t\t\t\t\t\t\t\t\t<a href=\"/cerstve/maslo-margariny-tuky\" class=\"product-type-image\">\n\t\t\t\t\t\t\t\t\t\t\t<img data-src=\"https://cdn.kosik.cz/content/category/jpg/menu/201.jpg\" alt=\"Máslo, margaríny, tuky\">\n\t\t\t\t\t\t\t\t\t\t</a>\n\t\t\t\t\t\t\t\t\t<h3>\n\t\t\t\t\t\t\t\t\t\t<a class=\"children\" href=\"/cerstve/maslo-margariny-tuky\">\n\t\t\t\t\t\t\t\t\t\t\tMáslo, margaríny, tuky\n\t\t\t\t\t\t\t\t\t\t</a>\n\t\t\t\t\t\t\t\t\t</h3>\n\n\t\t\t\t\t\t\t\t\t\t\t\t\t\t\t\t\t\t<div class=\"categories-container\">\n\n\t\t\t\t\t\t\t\t\t\t\t\t<a href=\"/cerstve/maslo-margariny-tuky/margariny-a-alternativy\">\n\t\t\t\t\t\t\t\t\t\t\t\t\tMargariny a alternativy,\n\t\t\t\t\t\t\t\t\t\t\t\t</a>\n\n\t\t\t\t\t\t\t\t\t\t\t\t<a href=\"/cerstve/maslo-margariny-tuky/maslo\">\n\t\t\t\t\t\t\t\t\t\t\t\t\tMáslo,\n\t\t\t\t\t\t\t\t\t\t\t\t</a>\n\n\n\n\t\t\t\t\t\t\t\t\t\t\t\t<a href=\"/cerstve/maslo-margariny-tuky/sadlo\">\n\t\t\t\t\t\t\t\t\t\t\t\t\tSádlo,\n\t\t\t\t\t\t\t\t\t\t\t\t</a>\n\t\t\t\t\t\t\t\t\t\t<a href=\"/cerstve\">...</a>\n\t\t\t\t\t\t\t\t\t</div>\n\t\t\t\t\t\t\t\t</div>\n\t\t\t\t\t\t\t\t<div class=\"product-type\">\n\t\t\t\t\t\t\t\t\t\t<a href=\"/cerstve/ovoce-a-zelenina\" class=\"product-type-image\">\n\t\t\t\t\t\t\t\t\t\t\t<img data-src=\"https://cdn.kosik.cz/content/category/jpg/menu/247.jpg\" alt=\"Ovoce a zelenina\">\n\t\t\t\t\t\t\t\t\t\t</a>\n\t\t\t\t\t\t\t\t\t<h3>\n\t\t\t\t\t\t\t\t\t\t<a class=\"children\" href=\"/cerstve/ovoce-a-zelenina\">\n\t\t\t\t\t\t\t\t\t\t\tOvoce a zelenina\n\t\t\t\t\t\t\t\t\t\t</a>\n\t\t\t\t\t\t\t\t\t</h3>\n\n\t\t\t\t\t\t\t\t\t\t\t\t\t\t\t\t\t\t<div class=\"categories-container\">\n\n\t\t\t\t\t\t\t\t\t\t\t\t<a href=\"/cerstve/ovoce-a-zelenina/ovoce\">\n\t\t\t\t\t\t\t\t\t\t\t\t\tOvoce,\n\t\t\t\t\t\t\t\t\t\t\t\t</a>\n\n\n\t\t\t\t\t\t\t\t\t\t\t\t<a href=\"/cerstve/ovoce-a-zelenina/zelenina\">\n\t\t\t\t\t\t\t\t\t\t\t\t\tZelenina,\n\t\t\t\t\t\t\t\t\t\t\t\t</a>\n\n\t\t\t\t\t\t\t\t\t\t\t\t<a href=\"/cerstve/ovoce-a-zelenina/susene-ovoce-a-orechy\">\n\t\t\t\t\t\t\t\t\t\t\t\t\tSušené ovoce a ořechy,\n\t\t\t\t\t\t\t\t\t\t\t\t</a>\n\n\t\t\t\t\t\t\t\t\t\t\t\t<a href=\"/cerstve/ovoce-a-zelenina/bylinky\">\n\t\t\t\t\t\t\t\t\t\t\t\t\tBylinky,\n\t\t\t\t\t\t\t\t\t\t\t\t</a>\n\n\t\t\t\t\t\t\t\t\t\t\t\t<a href=\"/cerstve/ovoce-a-zelenina/salaty\">\n\t\t\t\t\t\t\t\t\t\t\t\t\tSaláty,\n\t\t\t\t\t\t\t\t\t\t\t\t</a>\n\t\t\t\t\t\t\t\t\t\t<a href=\"/cerstve\">...</a>\n\t\t\t\t\t\t\t\t\t</div>\n\t\t\t\t\t\t\t\t</div>\n\t\t\t\t\t\t\t\t<div class=\"product-type\">\n\t\t\t\t\t\t\t\t\t\t<a href=\"/cerstve/cerstve-salaty\" class=\"product-type-image\">\n\t\t\t\t\t\t\t\t\t\t\t<img data-src=\"https://cdn.kosik.cz/content/category/jpg/menu/796.jpg\" alt=\"Čerstvé saláty\">\n\t\t\t\t\t\t\t\t\t\t</a>\n\t\t\t\t\t\t\t\t\t<h3>\n\t\t\t\t\t\t\t\t\t\t<a class=\"children\" href=\"/cerstve/cerstve-salaty\">\n\t\t\t\t\t\t\t\t\t\t\tČerstvé saláty\n\t\t\t\t\t\t\t\t\t\t</a>\n\t\t\t\t\t\t\t\t\t</h3>\n\n\t\t\t\t\t\t\t\t\t\t\t\t\t\t\t\t\t\t<div class=\"categories-container\">\n\n\t\t\t\t\t\t\t\t\t\t\t\t<a href=\"/cerstve/cerstve-salaty/lahudkove-salaty\">\n\t\t\t\t\t\t\t\t\t\t\t\t\tLahůdkové saláty,\n\t\t\t\t\t\t\t\t\t\t\t\t</a>\n\n\t\t\t\t\t\t\t\t\t\t\t\t<a href=\"/cerstve/cerstve-salaty/zeleninove-salaty\">\n\t\t\t\t\t\t\t\t\t\t\t\t\tZeleninové saláty,\n\t\t\t\t\t\t\t\t\t\t\t\t</a>\n\n\t\t\t\t\t\t\t\t\t\t\t\t<a href=\"/cerstve/cerstve-salaty/ovocne-salaty\">\n\t\t\t\t\t\t\t\t\t\t\t\t\tOvocné saláty,\n\t\t\t\t\t\t\t\t\t\t\t\t</a>\n\n\t\t\t\t\t\t\t\t\t\t<a href=\"/cerstve\">...</a>\n\t\t\t\t\t\t\t\t\t</div>\n\t\t\t\t\t\t\t\t</div>\n\t\t\t\t\t\t\t</div>\n\t\t\t\t\t\t</div>\n\t\t\t\t\t</div>\n\t\t\t\t</li>\n\t\t\t\t<li class=\"sub with-children\" data-open=\"false\">\n\t\t\t\t\t<a href=\"/trvanlive\" \"=\"\">\n\t\t\t\t\t\tTrvanlivé\n\t\t\t\t\t</a>\n\t\t\t\t\t\t<span class=\"category-toggle-sub mobile-small-nav-show\" onclick=\"this.parentNode.classList.toggle('open')\">\n\t\t\t\t\t\t\t<i class=\"fa fa-angle-down\" aria-hidden=\"true\"></i>\n\t\t\t\t\t\t</span>\n\n\n\t\t\t\t\t<div class=\"block block-droped-category\">\n\t\t\t\t\t\t<div class=\"block-droped-category-inner\">\n\t\t\t\t\t\t\t<div class=\"category-product-list\">\n\n\t\t\t\t\t\t\t\t\t\t\t\t\t\t\t\t<div class=\"product-type\">\n\t\t\t\t\t\t\t\t\t\t<a href=\"/trvanlive/mezinarodni-kuchyne\" class=\"product-type-image\">\n\t\t\t\t\t\t\t\t\t\t\t<img data-src=\"https://cdn.kosik.cz/content/category/jpg/menu/6.jpg\" alt=\"Mezinárodní kuchyně\">\n\t\t\t\t\t\t\t\t\t\t</a>\n\t\t\t\t\t\t\t\t\t<h3>\n\t\t\t\t\t\t\t\t\t\t<a class=\"children\" href=\"/trvanlive/mezinarodni-kuchyne\">\n\t\t\t\t\t\t\t\t\t\t\tMezinárodní kuchyně\n\t\t\t\t\t\t\t\t\t\t</a>\n\t\t\t\t\t\t\t\t\t</h3>\n\n\t\t\t\t\t\t\t\t\t\t\t\t\t\t\t\t\t\t<div class=\"categories-container\">\n\n\t\t\t\t\t\t\t\t\t\t\t\t<a href=\"/trvanlive/mezinarodni-kuchyne/asijska\">\n\t\t\t\t\t\t\t\t\t\t\t\t\tAsijská,\n\t\t\t\t\t\t\t\t\t\t\t\t</a>\n\n\t\t\t\t\t\t\t\t\t\t\t\t<a href=\"/trvanlive/mezinarodni-kuchyne/stredomorska\">\n\t\t\t\t\t\t\t\t\t\t\t\t\tStředomořská,\n\t\t\t\t\t\t\t\t\t\t\t\t</a>\n\n\t\t\t\t\t\t\t\t\t\t\t\t<a href=\"/trvanlive/mezinarodni-kuchyne/thajska\">\n\t\t\t\t\t\t\t\t\t\t\t\t\tThajská,\n\t\t\t\t\t\t\t\t\t\t\t\t</a>\n\n\t\t\t\t\t\t\t\t\t\t\t\t<a href=\"/trvanlive/mezinarodni-kuchyne/usa\">\n\t\t\t\t\t\t\t\t\t\t\t\t\tUSA,\n\t\t\t\t\t\t\t\t\t\t\t\t</a>\n\n\t\t\t\t\t\t\t\t\t\t\t\t<a href=\"/trvanlive/mezinarodni-kuchyne/mexicka\">\n\t\t\t\t\t\t\t\t\t\t\t\t\tMexická,\n\t\t\t\t\t\t\t\t\t\t\t\t</a>\n\t\t\t\t\t\t\t\t\t\t<a href=\"/trvanlive\">...</a>\n\t\t\t\t\t\t\t\t\t</div>\n\t\t\t\t\t\t\t\t</div>\n\t\t\t\t\t\t\t\t<div class=\"product-type\">\n\t\t\t\t\t\t\t\t\t\t<a href=\"/trvanlive/prisady-na-vareni-a-peceni\" class=\"product-type-image\">\n\t\t\t\t\t\t\t\t\t\t\t<img data-src=\"https://cdn.kosik.cz/content/category/jpg/menu/48.jpg\" alt=\"Přísady na vaření a pečení\">\n\t\t\t\t\t\t\t\t\t\t</a>\n\t\t\t\t\t\t\t\t\t<h3>\n\t\t\t\t\t\t\t\t\t\t<a class=\"children\" href=\"/trvanlive/prisady-na-vareni-a-peceni\">\n\t\t\t\t\t\t\t\t\t\t\tPřísady na vaření a pečení\n\t\t\t\t\t\t\t\t\t\t</a>\n\t\t\t\t\t\t\t\t\t</h3>\n\n\t\t\t\t\t\t\t\t\t\t\t\t\t\t\t\t\t\t<div class=\"categories-container\">\n\n\n\t\t\t\t\t\t\t\t\t\t\t\t<a href=\"/trvanlive/prisady-na-vareni-a-peceni/chlebove-a-pizza-smesi\">\n\t\t\t\t\t\t\t\t\t\t\t\t\tChlebové a pizza směsi,\n\t\t\t\t\t\t\t\t\t\t\t\t</a>\n\n\t\t\t\t\t\t\t\t\t\t\t\t<a href=\"/trvanlive/prisady-na-vareni-a-peceni/cukr\">\n\t\t\t\t\t\t\t\t\t\t\t\t\tCukr,\n\t\t\t\t\t\t\t\t\t\t\t\t</a>\n\n\t\t\t\t\t\t\t\t\t\t\t\t<a href=\"/trvanlive/prisady-na-vareni-a-peceni/knedliky-v-prasku\">\n\t\t\t\t\t\t\t\t\t\t\t\t\tKnedlíky v prášku,\n\t\t\t\t\t\t\t\t\t\t\t\t</a>\n\n\n\t\t\t\t\t\t\t\t\t\t\t\t<a href=\"/trvanlive/prisady-na-vareni-a-peceni/mouka-a-kroupy\">\n\t\t\t\t\t\t\t\t\t\t\t\t\tMouka a kroupy,\n\t\t\t\t\t\t\t\t\t\t\t\t</a>\n\n\n\n\n\n\n\n\t\t\t\t\t\t\t\t\t\t<a href=\"/trvanlive\">...</a>\n\t\t\t\t\t\t\t\t\t</div>\n\t\t\t\t\t\t\t\t</div>\n\t\t\t\t\t\t\t\t<div class=\"product-type\">\n\t\t\t\t\t\t\t\t\t\t<a href=\"/trvanlive/instantni-jidla-a-polevky\" class=\"product-type-image\">\n\t\t\t\t\t\t\t\t\t\t\t<img data-src=\"https://cdn.kosik.cz/content/category/jpg/menu/51.jpg\" alt=\"Instantní jídla a polévky\">\n\t\t\t\t\t\t\t\t\t\t</a>\n\t\t\t\t\t\t\t\t\t<h3>\n\t\t\t\t\t\t\t\t\t\t<a class=\"children\" href=\"/trvanlive/instantni-jidla-a-polevky\">\n\t\t\t\t\t\t\t\t\t\t\tInstantní jídla a polévky\n\t\t\t\t\t\t\t\t\t\t</a>\n\t\t\t\t\t\t\t\t\t</h3>\n\n\t\t\t\t\t\t\t\t\t\t\t\t\t\t\t\t\t\t<div class=\"categories-container\">\n\n\t\t\t\t\t\t\t\t\t\t\t\t<a href=\"/trvanlive/instantni-jidla-a-polevky/bujony\">\n\t\t\t\t\t\t\t\t\t\t\t\t\tBujony,\n\t\t\t\t\t\t\t\t\t\t\t\t</a>\n\n\t\t\t\t\t\t\t\t\t\t\t\t<a href=\"/trvanlive/instantni-jidla-a-polevky/instantni-jidla\">\n\t\t\t\t\t\t\t\t\t\t\t\t\tInstantní jídla,\n\t\t\t\t\t\t\t\t\t\t\t\t</a>\n\n\t\t\t\t\t\t\t\t\t\t\t\t<a href=\"/trvanlive/instantni-jidla-a-polevky/instantni-polevky\">\n\t\t\t\t\t\t\t\t\t\t\t\t\tInstantní polévky,\n\t\t\t\t\t\t\t\t\t\t\t\t</a>\n\n\t\t\t\t\t\t\t\t\t\t\t\t<a href=\"/trvanlive/instantni-jidla-a-polevky/polevky\">\n\t\t\t\t\t\t\t\t\t\t\t\t\tPolévky,\n\t\t\t\t\t\t\t\t\t\t\t\t</a>\n\t\t\t\t\t\t\t\t\t\t<a href=\"/trvanlive\">...</a>\n\t\t\t\t\t\t\t\t\t</div>\n\t\t\t\t\t\t\t\t</div>\n\t\t\t\t\t\t\t\t<div class=\"product-type\">\n\t\t\t\t\t\t\t\t\t\t<a href=\"/trvanlive/cerealie-a-musli\" class=\"product-type-image\">\n\t\t\t\t\t\t\t\t\t\t\t<img data-src=\"https://cdn.kosik.cz/content/category/jpg/menu/57.jpg\" alt=\"Cereálie a musli\">\n\t\t\t\t\t\t\t\t\t\t</a>\n\t\t\t\t\t\t\t\t\t<h3>\n\t\t\t\t\t\t\t\t\t\t<a class=\"children\" href=\"/trvanlive/cerealie-a-musli\">\n\t\t\t\t\t\t\t\t\t\t\tCereálie a musli\n\t\t\t\t\t\t\t\t\t\t</a>\n\t\t\t\t\t\t\t\t\t</h3>\n\n\t\t\t\t\t\t\t\t\t\t\t\t\t\t\t\t\t\t<div class=\"categories-container\">\n\n\n\t\t\t\t\t\t\t\t\t\t\t\t<a href=\"/trvanlive/cerealie-a-musli/musli-a-ovesne-kase\">\n\t\t\t\t\t\t\t\t\t\t\t\t\tMusli a ovesné kaše,\n\t\t\t\t\t\t\t\t\t\t\t\t</a>\n\n\t\t\t\t\t\t\t\t\t\t\t\t<a href=\"/trvanlive/cerealie-a-musli/musli-tycinky\">\n\t\t\t\t\t\t\t\t\t\t\t\t\tMusli tyčinky,\n\t\t\t\t\t\t\t\t\t\t\t\t</a>\n\t\t\t\t\t\t\t\t\t\t<a href=\"/trvanlive\">...</a>\n\t\t\t\t\t\t\t\t\t</div>\n\t\t\t\t\t\t\t\t</div>\n\t\t\t\t\t\t\t\t<div class=\"product-type\">\n\t\t\t\t\t\t\t\t\t\t<a href=\"/trvanlive/dzemy-medy-a-cokokremy\" class=\"product-type-image\">\n\t\t\t\t\t\t\t\t\t\t\t<img data-src=\"https://cdn.kosik.cz/content/category/jpg/menu/105.jpg\" alt=\"Džemy, medy a čokokrémy\">\n\t\t\t\t\t\t\t\t\t\t</a>\n\t\t\t\t\t\t\t\t\t<h3>\n\t\t\t\t\t\t\t\t\t\t<a class=\"children\" href=\"/trvanlive/dzemy-medy-a-cokokremy\">\n\t\t\t\t\t\t\t\t\t\t\tDžemy, medy a čokokrémy\n\t\t\t\t\t\t\t\t\t\t</a>\n\t\t\t\t\t\t\t\t\t</h3>\n\n\t\t\t\t\t\t\t\t\t\t\t\t\t\t\t\t\t\t<div class=\"categories-container\">\n\n\t\t\t\t\t\t\t\t\t\t\t\t<a href=\"/trvanlive/dzemy-medy-a-cokokremy/dzemy\">\n\t\t\t\t\t\t\t\t\t\t\t\t\tDžemy,\n\t\t\t\t\t\t\t\t\t\t\t\t</a>\n\n\t\t\t\t\t\t\t\t\t\t\t\t<a href=\"/trvanlive/dzemy-medy-a-cokokremy/medy\">\n\t\t\t\t\t\t\t\t\t\t\t\t\tMedy,\n\t\t\t\t\t\t\t\t\t\t\t\t</a>\n\n\t\t\t\t\t\t\t\t\t\t\t\t<a href=\"/trvanlive/dzemy-medy-a-cokokremy/cokokremy\">\n\t\t\t\t\t\t\t\t\t\t\t\t\tČokokrémy,\n\t\t\t\t\t\t\t\t\t\t\t\t</a>\n\t\t\t\t\t\t\t\t\t\t<a href=\"/trvanlive\">...</a>\n\t\t\t\t\t\t\t\t\t</div>\n\t\t\t\t\t\t\t\t</div>\n\t\t\t\t\t\t\t\t<div class=\"product-type\">\n\t\t\t\t\t\t\t\t\t\t<a href=\"/trvanlive/dresingy-a-omacky\" class=\"product-type-image\">\n\t\t\t\t\t\t\t\t\t\t\t<img data-src=\"https://cdn.kosik.cz/content/category/jpg/menu/115.jpg\" alt=\"Dresingy a omáčky\">\n\t\t\t\t\t\t\t\t\t\t</a>\n\t\t\t\t\t\t\t\t\t<h3>\n\t\t\t\t\t\t\t\t\t\t<a class=\"children\" href=\"/trvanlive/dresingy-a-omacky\">\n\t\t\t\t\t\t\t\t\t\t\tDresingy a omáčky\n\t\t\t\t\t\t\t\t\t\t</a>\n\t\t\t\t\t\t\t\t\t</h3>\n\n\t\t\t\t\t\t\t\t\t\t\t\t\t\t\t\t\t\t<div class=\"categories-container\">\n\n\t\t\t\t\t\t\t\t\t\t\t\t<a href=\"/trvanlive/dresingy-a-omacky/grilovaci-omacky\">\n\t\t\t\t\t\t\t\t\t\t\t\t\tGrilovací omáčky,\n\t\t\t\t\t\t\t\t\t\t\t\t</a>\n\n\t\t\t\t\t\t\t\t\t\t\t\t<a href=\"/trvanlive/dresingy-a-omacky/horcice-a-kreny\">\n\t\t\t\t\t\t\t\t\t\t\t\t\tHořčice a křeny,\n\t\t\t\t\t\t\t\t\t\t\t\t</a>\n\n\t\t\t\t\t\t\t\t\t\t\t\t<a href=\"/trvanlive/dresingy-a-omacky/kecupy-a-protlaky\">\n\t\t\t\t\t\t\t\t\t\t\t\t\tKečupy a protlaky,\n\t\t\t\t\t\t\t\t\t\t\t\t</a>\n\n\n\t\t\t\t\t\t\t\t\t\t<a href=\"/trvanlive\">...</a>\n\t\t\t\t\t\t\t\t\t</div>\n\t\t\t\t\t\t\t\t</div>\n\t\t\t\t\t\t\t\t<div class=\"product-type\">\n\t\t\t\t\t\t\t\t\t\t<a href=\"/trvanlive/konzervovane-potraviny\" class=\"product-type-image\">\n\t\t\t\t\t\t\t\t\t\t\t<img data-src=\"https://cdn.kosik.cz/content/category/jpg/menu/144.jpg\" alt=\"Konzervované potraviny\">\n\t\t\t\t\t\t\t\t\t\t</a>\n\t\t\t\t\t\t\t\t\t<h3>\n\t\t\t\t\t\t\t\t\t\t<a class=\"children\" href=\"/trvanlive/konzervovane-potraviny\">\n\t\t\t\t\t\t\t\t\t\t\tKonzervované potraviny\n\t\t\t\t\t\t\t\t\t\t</a>\n\t\t\t\t\t\t\t\t\t</h3>\n\n\t\t\t\t\t\t\t\t\t\t\t\t\t\t\t\t\t\t<div class=\"categories-container\">\n\n\n\n\t\t\t\t\t\t\t\t\t\t\t\t<a href=\"/trvanlive/konzervovane-potraviny/konzervovane-ovoce\">\n\t\t\t\t\t\t\t\t\t\t\t\t\tKonzervované ovoce,\n\t\t\t\t\t\t\t\t\t\t\t\t</a>\n\n\t\t\t\t\t\t\t\t\t\t\t\t<a href=\"/trvanlive/konzervovane-potraviny/konzervovane-ryby\">\n\t\t\t\t\t\t\t\t\t\t\t\t\tKonzervované ryby,\n\t\t\t\t\t\t\t\t\t\t\t\t</a>\n\n\t\t\t\t\t\t\t\t\t\t\t\t<a href=\"/trvanlive/konzervovane-potraviny/pastiky\">\n\t\t\t\t\t\t\t\t\t\t\t\t\tPaštiky,\n\t\t\t\t\t\t\t\t\t\t\t\t</a>\n\n\t\t\t\t\t\t\t\t\t\t\t\t<a href=\"/trvanlive/konzervovane-potraviny/pomazanky\">\n\t\t\t\t\t\t\t\t\t\t\t\t\tPomazánky,\n\t\t\t\t\t\t\t\t\t\t\t\t</a>\n\t\t\t\t\t\t\t\t\t\t<a href=\"/trvanlive\">...</a>\n\t\t\t\t\t\t\t\t\t</div>\n\t\t\t\t\t\t\t\t</div>\n\t\t\t\t\t\t\t\t<div class=\"product-type\">\n\t\t\t\t\t\t\t\t\t\t<a href=\"/trvanlive/ryze-lusteniny-a-testoviny\" class=\"product-type-image\">\n\t\t\t\t\t\t\t\t\t\t\t<img data-src=\"https://cdn.kosik.cz/content/category/jpg/menu/197.jpg\" alt=\"Rýže, luštěniny a těstoviny\">\n\t\t\t\t\t\t\t\t\t\t</a>\n\t\t\t\t\t\t\t\t\t<h3>\n\t\t\t\t\t\t\t\t\t\t<a class=\"children\" href=\"/trvanlive/ryze-lusteniny-a-testoviny\">\n\t\t\t\t\t\t\t\t\t\t\tRýže, luštěniny a těstoviny\n\t\t\t\t\t\t\t\t\t\t</a>\n\t\t\t\t\t\t\t\t\t</h3>\n\n\t\t\t\t\t\t\t\t\t\t\t\t\t\t\t\t\t\t<div class=\"categories-container\">\n\n\t\t\t\t\t\t\t\t\t\t\t\t<a href=\"/trvanlive/ryze-lusteniny-a-testoviny/lusteniny\">\n\t\t\t\t\t\t\t\t\t\t\t\t\tLuštěniny,\n\t\t\t\t\t\t\t\t\t\t\t\t</a>\n\n\t\t\t\t\t\t\t\t\t\t\t\t<a href=\"/trvanlive/ryze-lusteniny-a-testoviny/ryze\">\n\t\t\t\t\t\t\t\t\t\t\t\t\tRýže,\n\t\t\t\t\t\t\t\t\t\t\t\t</a>\n\n\t\t\t\t\t\t\t\t\t\t\t\t<a href=\"/trvanlive/ryze-lusteniny-a-testoviny/testoviny\">\n\t\t\t\t\t\t\t\t\t\t\t\t\tTěstoviny,\n\t\t\t\t\t\t\t\t\t\t\t\t</a>\n\t\t\t\t\t\t\t\t\t\t<a href=\"/trvanlive\">...</a>\n\t\t\t\t\t\t\t\t\t</div>\n\t\t\t\t\t\t\t\t</div>\n\t\t\t\t\t\t\t\t<div class=\"product-type\">\n\t\t\t\t\t\t\t\t\t\t<a href=\"/trvanlive/susene-maso\" class=\"product-type-image\">\n\t\t\t\t\t\t\t\t\t\t\t<img data-src=\"https://cdn.kosik.cz/content/category/jpg/menu/762.jpg\" alt=\"Sušené maso\">\n\t\t\t\t\t\t\t\t\t\t</a>\n\t\t\t\t\t\t\t\t\t<h3>\n\t\t\t\t\t\t\t\t\t\t<a class=\"children\" href=\"/trvanlive/susene-maso\">\n\t\t\t\t\t\t\t\t\t\t\tSušené maso\n\t\t\t\t\t\t\t\t\t\t</a>\n\t\t\t\t\t\t\t\t\t</h3>\n\n\t\t\t\t\t\t\t\t\t\t\t\t\t\t\t\t\t</div>\n\t\t\t\t\t\t\t</div>\n\t\t\t\t\t\t</div>\n\t\t\t\t\t</div>\n\t\t\t\t</li>\n\t\t\t\t<li class=\"sub with-children\" data-open=\"false\">\n\t\t\t\t\t<a href=\"/mrazene\" \"=\"\">\n\t\t\t\t\t\tMražené\n\t\t\t\t\t</a>\n\t\t\t\t\t\t<span class=\"category-toggle-sub mobile-small-nav-show\" onclick=\"this.parentNode.classList.toggle('open')\">\n\t\t\t\t\t\t\t<i class=\"fa fa-angle-down\" aria-hidden=\"true\"></i>\n\t\t\t\t\t\t</span>\n\n\n\t\t\t\t\t<div class=\"block block-droped-category\">\n\t\t\t\t\t\t<div class=\"block-droped-category-inner\">\n\t\t\t\t\t\t\t<div class=\"category-product-list\">\n\n\t\t\t\t\t\t\t\t\t\t\t\t\t\t\t\t<div class=\"product-type\">\n\t\t\t\t\t\t\t\t\t\t<a href=\"/mrazene/mrazena-jidla-a-pizza\" class=\"product-type-image\">\n\t\t\t\t\t\t\t\t\t\t\t<img data-src=\"https://cdn.kosik.cz/content/category/jpg/menu/140.jpg\" alt=\"Mražená jídla a pizza\">\n\t\t\t\t\t\t\t\t\t\t</a>\n\t\t\t\t\t\t\t\t\t<h3>\n\t\t\t\t\t\t\t\t\t\t<a class=\"children\" href=\"/mrazene/mrazena-jidla-a-pizza\">\n\t\t\t\t\t\t\t\t\t\t\tMražená jídla a pizza\n\t\t\t\t\t\t\t\t\t\t</a>\n\t\t\t\t\t\t\t\t\t</h3>\n\n\t\t\t\t\t\t\t\t\t\t\t\t\t\t\t\t\t\t<div class=\"categories-container\">\n\n\t\t\t\t\t\t\t\t\t\t\t\t<a href=\"/mrazene/mrazena-jidla-a-pizza/knedliky-tasticky\">\n\t\t\t\t\t\t\t\t\t\t\t\t\tKnedlíky, taštičky...,\n\t\t\t\t\t\t\t\t\t\t\t\t</a>\n\n\t\t\t\t\t\t\t\t\t\t\t\t<a href=\"/mrazene/mrazena-jidla-a-pizza/mrazena-hotova-jidla\">\n\t\t\t\t\t\t\t\t\t\t\t\t\tMražená hotová jídla,\n\t\t\t\t\t\t\t\t\t\t\t\t</a>\n\n\t\t\t\t\t\t\t\t\t\t\t\t<a href=\"/mrazene/mrazena-jidla-a-pizza/mrazene-dorty\">\n\t\t\t\t\t\t\t\t\t\t\t\t\tMražené dorty,\n\t\t\t\t\t\t\t\t\t\t\t\t</a>\n\n\n\n\t\t\t\t\t\t\t\t\t\t<a href=\"/mrazene\">...</a>\n\t\t\t\t\t\t\t\t\t</div>\n\t\t\t\t\t\t\t\t</div>\n\t\t\t\t\t\t\t\t<div class=\"product-type\">\n\t\t\t\t\t\t\t\t\t\t<a href=\"/mrazene/mrazene-maso-drubez-a-ryby\" class=\"product-type-image\">\n\t\t\t\t\t\t\t\t\t\t\t<img data-src=\"https://cdn.kosik.cz/content/category/jpg/menu/214.jpg\" alt=\"Mražené maso, drůbež a ryby\">\n\t\t\t\t\t\t\t\t\t\t</a>\n\t\t\t\t\t\t\t\t\t<h3>\n\t\t\t\t\t\t\t\t\t\t<a class=\"children\" href=\"/mrazene/mrazene-maso-drubez-a-ryby\">\n\t\t\t\t\t\t\t\t\t\t\tMražené maso, drůbež a ryby\n\t\t\t\t\t\t\t\t\t\t</a>\n\t\t\t\t\t\t\t\t\t</h3>\n\n\t\t\t\t\t\t\t\t\t\t\t\t\t\t\t\t\t\t<div class=\"categories-container\">\n\n\t\t\t\t\t\t\t\t\t\t\t\t<a href=\"/mrazene/mrazene-maso-drubez-a-ryby/mrazena-drubez\">\n\t\t\t\t\t\t\t\t\t\t\t\t\tMražená drůbež,\n\t\t\t\t\t\t\t\t\t\t\t\t</a>\n\n\t\t\t\t\t\t\t\t\t\t\t\t<a href=\"/mrazene/mrazene-maso-drubez-a-ryby/mrazene-ryby\">\n\t\t\t\t\t\t\t\t\t\t\t\t\tMražené ryby,\n\t\t\t\t\t\t\t\t\t\t\t\t</a>\n\n\n\t\t\t\t\t\t\t\t\t\t\t\t<a href=\"/mrazene/mrazene-maso-drubez-a-ryby/mrazene-maso\">\n\t\t\t\t\t\t\t\t\t\t\t\t\tMražené maso,\n\t\t\t\t\t\t\t\t\t\t\t\t</a>\n\t\t\t\t\t\t\t\t\t\t<a href=\"/mrazene\">...</a>\n\t\t\t\t\t\t\t\t\t</div>\n\t\t\t\t\t\t\t\t</div>\n\t\t\t\t\t\t\t\t<div class=\"product-type\">\n\t\t\t\t\t\t\t\t\t\t<a href=\"/mrazene/mrazena-zelenina-a-ovoce\" class=\"product-type-image\">\n\t\t\t\t\t\t\t\t\t\t\t<img data-src=\"https://cdn.kosik.cz/content/category/jpg/menu/217.jpg\" alt=\"Mražená zelenina a ovoce\">\n\t\t\t\t\t\t\t\t\t\t</a>\n\t\t\t\t\t\t\t\t\t<h3>\n\t\t\t\t\t\t\t\t\t\t<a class=\"children\" href=\"/mrazene/mrazena-zelenina-a-ovoce\">\n\t\t\t\t\t\t\t\t\t\t\tMražená zelenina a ovoce\n\t\t\t\t\t\t\t\t\t\t</a>\n\t\t\t\t\t\t\t\t\t</h3>\n\n\t\t\t\t\t\t\t\t\t\t\t\t\t\t\t\t\t\t<div class=\"categories-container\">\n\n\t\t\t\t\t\t\t\t\t\t\t\t<a href=\"/mrazene/mrazena-zelenina-a-ovoce/mrazena-zelenina\">\n\t\t\t\t\t\t\t\t\t\t\t\t\tMražená zelenina,\n\t\t\t\t\t\t\t\t\t\t\t\t</a>\n\n\t\t\t\t\t\t\t\t\t\t\t\t<a href=\"/mrazene/mrazena-zelenina-a-ovoce/mrazene-ovoce\">\n\t\t\t\t\t\t\t\t\t\t\t\t\tMražené ovoce,\n\t\t\t\t\t\t\t\t\t\t\t\t</a>\n\t\t\t\t\t\t\t\t\t\t<a href=\"/mrazene\">...</a>\n\t\t\t\t\t\t\t\t\t</div>\n\t\t\t\t\t\t\t\t</div>\n\t\t\t\t\t\t\t\t<div class=\"product-type\">\n\t\t\t\t\t\t\t\t\t\t<a href=\"/mrazene/zmrzliny\" class=\"product-type-image\">\n\t\t\t\t\t\t\t\t\t\t\t<img data-src=\"https://cdn.kosik.cz/content/category/jpg/menu/229.jpg\" alt=\"Zmrzliny\">\n\t\t\t\t\t\t\t\t\t\t</a>\n\t\t\t\t\t\t\t\t\t<h3>\n\t\t\t\t\t\t\t\t\t\t<a class=\"children\" href=\"/mrazene/zmrzliny\">\n\t\t\t\t\t\t\t\t\t\t\tZmrzliny\n\t\t\t\t\t\t\t\t\t\t</a>\n\t\t\t\t\t\t\t\t\t</h3>\n\n\t\t\t\t\t\t\t\t\t\t\t\t\t\t\t\t\t\t<div class=\"categories-container\">\n\n\t\t\t\t\t\t\t\t\t\t\t\t<a href=\"/mrazene/zmrzliny/nanuky-a-kornouty\">\n\t\t\t\t\t\t\t\t\t\t\t\t\tNanuky a kornouty,\n\t\t\t\t\t\t\t\t\t\t\t\t</a>\n\n\t\t\t\t\t\t\t\t\t\t\t\t<a href=\"/mrazene/zmrzliny/vanicky\">\n\t\t\t\t\t\t\t\t\t\t\t\t\tVaničky,\n\t\t\t\t\t\t\t\t\t\t\t\t</a>\n\t\t\t\t\t\t\t\t\t\t<a href=\"/mrazene\">...</a>\n\t\t\t\t\t\t\t\t\t</div>\n\t\t\t\t\t\t\t\t</div>\n\t\t\t\t\t\t\t\t<div class=\"product-type\">\n\t\t\t\t\t\t\t\t\t\t<a href=\"/mrazene/mrazene-pecivo-a-testo\" class=\"product-type-image\">\n\t\t\t\t\t\t\t\t\t\t\t<img data-src=\"https://cdn.kosik.cz/content/category/jpg/menu/391.jpg\" alt=\"Mražené pečivo a těsto\">\n\t\t\t\t\t\t\t\t\t\t</a>\n\t\t\t\t\t\t\t\t\t<h3>\n\t\t\t\t\t\t\t\t\t\t<a class=\"children\" href=\"/mrazene/mrazene-pecivo-a-testo\">\n\t\t\t\t\t\t\t\t\t\t\tMražené pečivo a těsto\n\t\t\t\t\t\t\t\t\t\t</a>\n\t\t\t\t\t\t\t\t\t</h3>\n\n\t\t\t\t\t\t\t\t\t\t\t\t\t\t\t\t\t\t<div class=\"categories-container\">\n\n\t\t\t\t\t\t\t\t\t\t\t\t<a href=\"/mrazene/mrazene-pecivo-a-testo/mrazene-testo\">\n\t\t\t\t\t\t\t\t\t\t\t\t\tMražené těsto,\n\t\t\t\t\t\t\t\t\t\t\t\t</a>\n\t\t\t\t\t\t\t\t\t\t<a href=\"/mrazene\">...</a>\n\t\t\t\t\t\t\t\t\t</div>\n\t\t\t\t\t\t\t\t</div>\n\t\t\t\t\t\t\t</div>\n\t\t\t\t\t\t</div>\n\t\t\t\t\t</div>\n\t\t\t\t</li>\n\t\t\t\t<li class=\"sub with-children\" data-open=\"false\">\n\t\t\t\t\t<a href=\"/sladke-a-slane\" \"=\"\">\n\t\t\t\t\t\tSladké a slané\n\t\t\t\t\t</a>\n\t\t\t\t\t\t<span class=\"category-toggle-sub mobile-small-nav-show\" onclick=\"this.parentNode.classList.toggle('open')\">\n\t\t\t\t\t\t\t<i class=\"fa fa-angle-down\" aria-hidden=\"true\"></i>\n\t\t\t\t\t\t</span>\n\n\n\t\t\t\t\t<div class=\"block block-droped-category\">\n\t\t\t\t\t\t<div class=\"block-droped-category-inner\">\n\t\t\t\t\t\t\t<div class=\"category-product-list\">\n\n\t\t\t\t\t\t\t\t\t\t\t\t\t\t\t\t<div class=\"product-type\">\n\t\t\t\t\t\t\t\t\t\t<a href=\"/sladke-a-slane/susenky-cukrovinky-a-cokolady\" class=\"product-type-image\">\n\t\t\t\t\t\t\t\t\t\t\t<img data-src=\"https://cdn.kosik.cz/content/category/jpg/menu/45.jpg\" alt=\"Sušenky, cukrovinky a čokolády\">\n\t\t\t\t\t\t\t\t\t\t</a>\n\t\t\t\t\t\t\t\t\t<h3>\n\t\t\t\t\t\t\t\t\t\t<a class=\"children\" href=\"/sladke-a-slane/susenky-cukrovinky-a-cokolady\">\n\t\t\t\t\t\t\t\t\t\t\tSušenky, cukrovinky a čokolády\n\t\t\t\t\t\t\t\t\t\t</a>\n\t\t\t\t\t\t\t\t\t</h3>\n\n\t\t\t\t\t\t\t\t\t\t\t\t\t\t\t\t\t\t<div class=\"categories-container\">\n\n\t\t\t\t\t\t\t\t\t\t\t\t<a href=\"/sladke-a-slane/susenky-cukrovinky-a-cokolady/bonboniery\">\n\t\t\t\t\t\t\t\t\t\t\t\t\tBonboniéry,\n\t\t\t\t\t\t\t\t\t\t\t\t</a>\n\n\t\t\t\t\t\t\t\t\t\t\t\t<a href=\"/sladke-a-slane/susenky-cukrovinky-a-cokolady/bonbony-a-zvykacky\">\n\t\t\t\t\t\t\t\t\t\t\t\t\tBonbony a žvýkačky,\n\t\t\t\t\t\t\t\t\t\t\t\t</a>\n\n\t\t\t\t\t\t\t\t\t\t\t\t<a href=\"/sladke-a-slane/susenky-cukrovinky-a-cokolady/detske-cukrovinky\">\n\t\t\t\t\t\t\t\t\t\t\t\t\tDětské cukrovinky,\n\t\t\t\t\t\t\t\t\t\t\t\t</a>\n\n\n\n\n\n\t\t\t\t\t\t\t\t\t\t<a href=\"/sladke-a-slane\">...</a>\n\t\t\t\t\t\t\t\t\t</div>\n\t\t\t\t\t\t\t\t</div>\n\t\t\t\t\t\t\t\t<div class=\"product-type\">\n\t\t\t\t\t\t\t\t\t\t<a href=\"/sladke-a-slane/slane-snacky\" class=\"product-type-image\">\n\t\t\t\t\t\t\t\t\t\t\t<img data-src=\"https://cdn.kosik.cz/content/category/jpg/menu/59.jpg\" alt=\"Slané snacky\">\n\t\t\t\t\t\t\t\t\t\t</a>\n\t\t\t\t\t\t\t\t\t<h3>\n\t\t\t\t\t\t\t\t\t\t<a class=\"children\" href=\"/sladke-a-slane/slane-snacky\">\n\t\t\t\t\t\t\t\t\t\t\tSlané snacky\n\t\t\t\t\t\t\t\t\t\t</a>\n\t\t\t\t\t\t\t\t\t</h3>\n\n\t\t\t\t\t\t\t\t\t\t\t\t\t\t\t\t\t\t<div class=\"categories-container\">\n\n\t\t\t\t\t\t\t\t\t\t\t\t<a href=\"/sladke-a-slane/slane-snacky/chipsy\">\n\t\t\t\t\t\t\t\t\t\t\t\t\tChipsy,\n\t\t\t\t\t\t\t\t\t\t\t\t</a>\n\n\t\t\t\t\t\t\t\t\t\t\t\t<a href=\"/sladke-a-slane/slane-snacky/krekry\">\n\t\t\t\t\t\t\t\t\t\t\t\t\tKrekry,\n\t\t\t\t\t\t\t\t\t\t\t\t</a>\n\n\t\t\t\t\t\t\t\t\t\t\t\t<a href=\"/sladke-a-slane/slane-snacky/orisky-a-popcorn\">\n\t\t\t\t\t\t\t\t\t\t\t\t\tOříšky a popcorn,\n\t\t\t\t\t\t\t\t\t\t\t\t</a>\n\n\t\t\t\t\t\t\t\t\t\t\t\t<a href=\"/sladke-a-slane/slane-snacky/snacky\">\n\t\t\t\t\t\t\t\t\t\t\t\t\tSnacky,\n\t\t\t\t\t\t\t\t\t\t\t\t</a>\n\t\t\t\t\t\t\t\t\t\t<a href=\"/sladke-a-slane\">...</a>\n\t\t\t\t\t\t\t\t\t</div>\n\t\t\t\t\t\t\t\t</div>\n\t\t\t\t\t\t\t</div>\n\t\t\t\t\t\t</div>\n\t\t\t\t\t</div>\n\t\t\t\t</li>\n\t\t\t\t<li class=\"sub with-children\" data-open=\"false\">\n\t\t\t\t\t<a href=\"/specialni\" \"=\"\">\n\t\t\t\t\t\tSpeciální\n\t\t\t\t\t</a>\n\t\t\t\t\t\t<span class=\"category-toggle-sub mobile-small-nav-show\" onclick=\"this.parentNode.classList.toggle('open')\">\n\t\t\t\t\t\t\t<i class=\"fa fa-angle-down\" aria-hidden=\"true\"></i>\n\t\t\t\t\t\t</span>\n\n\n\t\t\t\t\t<div class=\"block block-droped-category\">\n\t\t\t\t\t\t<div class=\"block-droped-category-inner\">\n\t\t\t\t\t\t\t<div class=\"category-product-list\">\n\n\t\t\t\t\t\t\t\t\t\t\t\t\t\t\t\t<div class=\"product-type\">\n\t\t\t\t\t\t\t\t\t\t<a href=\"/specialni/bio\" class=\"product-type-image\">\n\t\t\t\t\t\t\t\t\t\t\t<img data-src=\"https://cdn.kosik.cz/content/category/jpg/menu/37.jpg\" alt=\"Bio\">\n\t\t\t\t\t\t\t\t\t\t</a>\n\t\t\t\t\t\t\t\t\t<h3>\n\t\t\t\t\t\t\t\t\t\t<a class=\"children\" href=\"/specialni/bio\">\n\t\t\t\t\t\t\t\t\t\t\tBio\n\t\t\t\t\t\t\t\t\t\t</a>\n\t\t\t\t\t\t\t\t\t</h3>\n\n\t\t\t\t\t\t\t\t\t\t\t\t\t\t\t\t\t</div>\n\t\t\t\t\t\t\t\t<div class=\"product-type\">\n\t\t\t\t\t\t\t\t\t\t<a href=\"/specialni/dia-produkty\" class=\"product-type-image\">\n\t\t\t\t\t\t\t\t\t\t\t<img data-src=\"https://cdn.kosik.cz/content/category/jpg/menu/68.jpg\" alt=\"Dia produkty\">\n\t\t\t\t\t\t\t\t\t\t</a>\n\t\t\t\t\t\t\t\t\t<h3>\n\t\t\t\t\t\t\t\t\t\t<a class=\"children\" href=\"/specialni/dia-produkty\">\n\t\t\t\t\t\t\t\t\t\t\tDia produkty\n\t\t\t\t\t\t\t\t\t\t</a>\n\t\t\t\t\t\t\t\t\t</h3>\n\n\t\t\t\t\t\t\t\t\t\t\t\t\t\t\t\t\t\t<div class=\"categories-container\">\n\n\t\t\t\t\t\t\t\t\t\t\t\t<a href=\"/specialni/dia-produkty/dia-cukrovinky\">\n\t\t\t\t\t\t\t\t\t\t\t\t\tDia cukrovinky,\n\t\t\t\t\t\t\t\t\t\t\t\t</a>\n\n\t\t\t\t\t\t\t\t\t\t\t\t<a href=\"/specialni/dia-produkty/dia-ostatni\">\n\t\t\t\t\t\t\t\t\t\t\t\t\tDia ostatní,\n\t\t\t\t\t\t\t\t\t\t\t\t</a>\n\n\t\t\t\t\t\t\t\t\t\t\t\t<a href=\"/specialni/dia-produkty/dia-sladidla\">\n\t\t\t\t\t\t\t\t\t\t\t\t\tDia sladidla,\n\t\t\t\t\t\t\t\t\t\t\t\t</a>\n\t\t\t\t\t\t\t\t\t\t<a href=\"/specialni\">...</a>\n\t\t\t\t\t\t\t\t\t</div>\n\t\t\t\t\t\t\t\t</div>\n\t\t\t\t\t\t\t\t<div class=\"product-type\">\n\t\t\t\t\t\t\t\t\t\t<a href=\"/specialni/bezlepkove-vyrobky\" class=\"product-type-image\">\n\t\t\t\t\t\t\t\t\t\t\t<img data-src=\"https://cdn.kosik.cz/content/category/jpg/menu/392.jpg\" alt=\"Bezlepkové výrobky\">\n\t\t\t\t\t\t\t\t\t\t</a>\n\t\t\t\t\t\t\t\t\t<h3>\n\t\t\t\t\t\t\t\t\t\t<a class=\"children\" href=\"/specialni/bezlepkove-vyrobky\">\n\t\t\t\t\t\t\t\t\t\t\tBezlepkové výrobky\n\t\t\t\t\t\t\t\t\t\t</a>\n\t\t\t\t\t\t\t\t\t</h3>\n\n\t\t\t\t\t\t\t\t\t\t\t\t\t\t\t\t\t</div>\n\t\t\t\t\t\t\t\t<div class=\"product-type\">\n\t\t\t\t\t\t\t\t\t\t<a href=\"/specialni/superfoods\" class=\"product-type-image\">\n\t\t\t\t\t\t\t\t\t\t\t<img data-src=\"https://cdn.kosik.cz/content/category/jpg/menu/415.jpg\" alt=\"Superfoods\">\n\t\t\t\t\t\t\t\t\t\t</a>\n\t\t\t\t\t\t\t\t\t<h3>\n\t\t\t\t\t\t\t\t\t\t<a class=\"children\" href=\"/specialni/superfoods\">\n\t\t\t\t\t\t\t\t\t\t\tSuperfoods\n\t\t\t\t\t\t\t\t\t\t</a>\n\t\t\t\t\t\t\t\t\t</h3>\n\n\t\t\t\t\t\t\t\t\t\t\t\t\t\t\t\t\t</div>\n\t\t\t\t\t\t\t\t<div class=\"product-type\">\n\t\t\t\t\t\t\t\t\t\t<a href=\"/specialni/specialni-vyziva\" class=\"product-type-image\">\n\t\t\t\t\t\t\t\t\t\t\t<img data-src=\"https://cdn.kosik.cz/content/category/jpg/menu/438.jpg\" alt=\"Speciální výživa\">\n\t\t\t\t\t\t\t\t\t\t</a>\n\t\t\t\t\t\t\t\t\t<h3>\n\t\t\t\t\t\t\t\t\t\t<a class=\"children\" href=\"/specialni/specialni-vyziva\">\n\t\t\t\t\t\t\t\t\t\t\tSpeciální výživa\n\t\t\t\t\t\t\t\t\t\t</a>\n\t\t\t\t\t\t\t\t\t</h3>\n\n\t\t\t\t\t\t\t\t\t\t\t\t\t\t\t\t\t\t<div class=\"categories-container\">\n\n\t\t\t\t\t\t\t\t\t\t\t\t<a href=\"/specialni/specialni-vyziva/racio\">\n\t\t\t\t\t\t\t\t\t\t\t\t\tRacio,\n\t\t\t\t\t\t\t\t\t\t\t\t</a>\n\n\t\t\t\t\t\t\t\t\t\t\t\t<a href=\"/specialni/specialni-vyziva/smakoun\">\n\t\t\t\t\t\t\t\t\t\t\t\t\tŠmakoun,\n\t\t\t\t\t\t\t\t\t\t\t\t</a>\n\n\t\t\t\t\t\t\t\t\t\t\t\t<a href=\"/specialni/specialni-vyziva/tofu\">\n\t\t\t\t\t\t\t\t\t\t\t\t\tTofu,\n\t\t\t\t\t\t\t\t\t\t\t\t</a>\n\n\t\t\t\t\t\t\t\t\t\t\t\t<a href=\"/specialni/specialni-vyziva/krupave-chleby\">\n\t\t\t\t\t\t\t\t\t\t\t\t\tKřupavé chleby,\n\t\t\t\t\t\t\t\t\t\t\t\t</a>\n\n\n\t\t\t\t\t\t\t\t\t\t\t\t<a href=\"/specialni/specialni-vyziva/raw\">\n\t\t\t\t\t\t\t\t\t\t\t\t\tRaw,\n\t\t\t\t\t\t\t\t\t\t\t\t</a>\n\t\t\t\t\t\t\t\t\t\t<a href=\"/specialni\">...</a>\n\t\t\t\t\t\t\t\t\t</div>\n\t\t\t\t\t\t\t\t</div>\n\t\t\t\t\t\t\t\t<div class=\"product-type\">\n\t\t\t\t\t\t\t\t\t\t<a href=\"/specialni/bio-a-farmarske-produkty\" class=\"product-type-image\">\n\t\t\t\t\t\t\t\t\t\t\t<img data-src=\"https://cdn.kosik.cz/content/category/jpg/menu/663.jpg\" alt=\"Bio a farmářské produkty\">\n\t\t\t\t\t\t\t\t\t\t</a>\n\t\t\t\t\t\t\t\t\t<h3>\n\t\t\t\t\t\t\t\t\t\t<a class=\"children\" href=\"/specialni/bio-a-farmarske-produkty\">\n\t\t\t\t\t\t\t\t\t\t\tBio a farmářské produkty\n\t\t\t\t\t\t\t\t\t\t</a>\n\t\t\t\t\t\t\t\t\t</h3>\n\n\t\t\t\t\t\t\t\t\t\t\t\t\t\t\t\t\t\t<div class=\"categories-container\">\n\n\n\t\t\t\t\t\t\t\t\t\t\t\t<a href=\"/specialni/bio-a-farmarske-produkty/caj-kava\">\n\t\t\t\t\t\t\t\t\t\t\t\t\tČaj, káva,\n\t\t\t\t\t\t\t\t\t\t\t\t</a>\n\n\t\t\t\t\t\t\t\t\t\t\t\t<a href=\"/specialni/bio-a-farmarske-produkty/cerstve-produkty\">\n\t\t\t\t\t\t\t\t\t\t\t\t\tČerstvé produkty,\n\t\t\t\t\t\t\t\t\t\t\t\t</a>\n\n\n\t\t\t\t\t\t\t\t\t\t\t\t<a href=\"/specialni/bio-a-farmarske-produkty/lusteniny-obiloviny\">\n\t\t\t\t\t\t\t\t\t\t\t\t\tLuštěniny, obiloviny,\n\t\t\t\t\t\t\t\t\t\t\t\t</a>\n\n\n\n\n\n\n\n\n\n\t\t\t\t\t\t\t\t\t\t<a href=\"/specialni\">...</a>\n\t\t\t\t\t\t\t\t\t</div>\n\t\t\t\t\t\t\t\t</div>\n\t\t\t\t\t\t\t\t<div class=\"product-type\">\n\t\t\t\t\t\t\t\t\t\t<a href=\"/specialni/bezlaktozove-vyrobky\" class=\"product-type-image\">\n\t\t\t\t\t\t\t\t\t\t\t<img data-src=\"https://cdn.kosik.cz/content/category/jpg/menu/764.jpg\" alt=\"Bezlaktózové výrobky\">\n\t\t\t\t\t\t\t\t\t\t</a>\n\t\t\t\t\t\t\t\t\t<h3>\n\t\t\t\t\t\t\t\t\t\t<a class=\"children\" href=\"/specialni/bezlaktozove-vyrobky\">\n\t\t\t\t\t\t\t\t\t\t\tBezlaktózové výrobky\n\t\t\t\t\t\t\t\t\t\t</a>\n\t\t\t\t\t\t\t\t\t</h3>\n\n\t\t\t\t\t\t\t\t\t\t\t\t\t\t\t\t\t</div>\n\t\t\t\t\t\t\t\t<div class=\"product-type\">\n\t\t\t\t\t\t\t\t\t\t<a href=\"/specialni/nemecke-produkty\" class=\"product-type-image\">\n\t\t\t\t\t\t\t\t\t\t\t<img data-src=\"https://cdn.kosik.cz/content/category/jpg/menu/784.jpg\" alt=\"Německé produkty\">\n\t\t\t\t\t\t\t\t\t\t</a>\n\t\t\t\t\t\t\t\t\t<h3>\n\t\t\t\t\t\t\t\t\t\t<a class=\"children\" href=\"/specialni/nemecke-produkty\">\n\t\t\t\t\t\t\t\t\t\t\tNěmecké produkty\n\t\t\t\t\t\t\t\t\t\t</a>\n\t\t\t\t\t\t\t\t\t</h3>\n\n\t\t\t\t\t\t\t\t\t\t\t\t\t\t\t\t\t\t<div class=\"categories-container\">\n\n\t\t\t\t\t\t\t\t\t\t\t\t<a href=\"/specialni/nemecke-produkty/cerstve\">\n\t\t\t\t\t\t\t\t\t\t\t\t\tČerstvé,\n\t\t\t\t\t\t\t\t\t\t\t\t</a>\n\n\t\t\t\t\t\t\t\t\t\t\t\t<a href=\"/specialni/nemecke-produkty/mrazene\">\n\t\t\t\t\t\t\t\t\t\t\t\t\tMražené,\n\t\t\t\t\t\t\t\t\t\t\t\t</a>\n\n\t\t\t\t\t\t\t\t\t\t\t\t<a href=\"/specialni/nemecke-produkty/trvanlive\">\n\t\t\t\t\t\t\t\t\t\t\t\t\tTrvanlivé,\n\t\t\t\t\t\t\t\t\t\t\t\t</a>\n\n\t\t\t\t\t\t\t\t\t\t\t\t<a href=\"/specialni/nemecke-produkty/drogerie\">\n\t\t\t\t\t\t\t\t\t\t\t\t\tDrogerie,\n\t\t\t\t\t\t\t\t\t\t\t\t</a>\n\n\t\t\t\t\t\t\t\t\t\t\t\t<a href=\"/specialni/nemecke-produkty/sladke-a-slane\">\n\t\t\t\t\t\t\t\t\t\t\t\t\tSladké a slané,\n\t\t\t\t\t\t\t\t\t\t\t\t</a>\n\n\t\t\t\t\t\t\t\t\t\t\t\t<a href=\"/specialni/nemecke-produkty/mazlicci\">\n\t\t\t\t\t\t\t\t\t\t\t\t\tMazlíčci,\n\t\t\t\t\t\t\t\t\t\t\t\t</a>\n\n\t\t\t\t\t\t\t\t\t\t<a href=\"/specialni\">...</a>\n\t\t\t\t\t\t\t\t\t</div>\n\t\t\t\t\t\t\t\t</div>\n\t\t\t\t\t\t\t</div>\n\t\t\t\t\t\t</div>\n\t\t\t\t\t</div>\n\t\t\t\t</li>\n\t\t\t\t<li class=\"sub with-children\" data-open=\"false\">\n\t\t\t\t\t<a href=\"/napoje\" \"=\"\">\n\t\t\t\t\t\tNápoje\n\t\t\t\t\t</a>\n\t\t\t\t\t\t<span class=\"category-toggle-sub mobile-small-nav-show\" onclick=\"this.parentNode.classList.toggle('open')\">\n\t\t\t\t\t\t\t<i class=\"fa fa-angle-down\" aria-hidden=\"true\"></i>\n\t\t\t\t\t\t</span>\n\n\n\t\t\t\t\t<div class=\"block block-droped-category\">\n\t\t\t\t\t\t<div class=\"block-droped-category-inner\">\n\t\t\t\t\t\t\t<div class=\"category-product-list\">\n\n\t\t\t\t\t\t\t\t\t\t\t\t\t\t\t\t<div class=\"product-type\">\n\t\t\t\t\t\t\t\t\t\t<a href=\"/napoje/dzusy-a-detske-napoje\" class=\"product-type-image\">\n\t\t\t\t\t\t\t\t\t\t\t<img data-src=\"https://cdn.kosik.cz/content/category/jpg/menu/3.jpg\" alt=\"Džusy a dětské nápoje\">\n\t\t\t\t\t\t\t\t\t\t</a>\n\t\t\t\t\t\t\t\t\t<h3>\n\t\t\t\t\t\t\t\t\t\t<a class=\"children\" href=\"/napoje/dzusy-a-detske-napoje\">\n\t\t\t\t\t\t\t\t\t\t\tDžusy a dětské nápoje\n\t\t\t\t\t\t\t\t\t\t</a>\n\t\t\t\t\t\t\t\t\t</h3>\n\n\t\t\t\t\t\t\t\t\t\t\t\t\t\t\t\t\t\t<div class=\"categories-container\">\n\n\t\t\t\t\t\t\t\t\t\t\t\t<a href=\"/napoje/dzusy-a-detske-napoje/100-dzusy\">\n\t\t\t\t\t\t\t\t\t\t\t\t\t100% džusy,\n\t\t\t\t\t\t\t\t\t\t\t\t</a>\n\n\t\t\t\t\t\t\t\t\t\t\t\t<a href=\"/napoje/dzusy-a-detske-napoje/detske-napoje\">\n\t\t\t\t\t\t\t\t\t\t\t\t\tDětské nápoje,\n\t\t\t\t\t\t\t\t\t\t\t\t</a>\n\n\t\t\t\t\t\t\t\t\t\t\t\t<a href=\"/napoje/dzusy-a-detske-napoje/dzusove-napoje\">\n\t\t\t\t\t\t\t\t\t\t\t\t\tDžusové nápoje,\n\t\t\t\t\t\t\t\t\t\t\t\t</a>\n\n\t\t\t\t\t\t\t\t\t\t\t\t<a href=\"/napoje/dzusy-a-detske-napoje/nektary\">\n\t\t\t\t\t\t\t\t\t\t\t\t\tNektary,\n\t\t\t\t\t\t\t\t\t\t\t\t</a>\n\n\t\t\t\t\t\t\t\t\t\t<a href=\"/napoje\">...</a>\n\t\t\t\t\t\t\t\t\t</div>\n\t\t\t\t\t\t\t\t</div>\n\t\t\t\t\t\t\t\t<div class=\"product-type\">\n\t\t\t\t\t\t\t\t\t\t<a href=\"/napoje/sirupy-a-koncentraty\" class=\"product-type-image\">\n\t\t\t\t\t\t\t\t\t\t\t<img data-src=\"https://cdn.kosik.cz/content/category/jpg/menu/32.jpg\" alt=\"Sirupy a koncentráty\">\n\t\t\t\t\t\t\t\t\t\t</a>\n\t\t\t\t\t\t\t\t\t<h3>\n\t\t\t\t\t\t\t\t\t\t<a class=\"children\" href=\"/napoje/sirupy-a-koncentraty\">\n\t\t\t\t\t\t\t\t\t\t\tSirupy a koncentráty\n\t\t\t\t\t\t\t\t\t\t</a>\n\t\t\t\t\t\t\t\t\t</h3>\n\n\t\t\t\t\t\t\t\t\t\t\t\t\t\t\t\t\t\t<div class=\"categories-container\">\n\n\t\t\t\t\t\t\t\t\t\t\t\t<a href=\"/napoje/sirupy-a-koncentraty/koncentraty\">\n\t\t\t\t\t\t\t\t\t\t\t\t\tKoncentráty,\n\t\t\t\t\t\t\t\t\t\t\t\t</a>\n\n\t\t\t\t\t\t\t\t\t\t\t\t<a href=\"/napoje/sirupy-a-koncentraty/sirupy\">\n\t\t\t\t\t\t\t\t\t\t\t\t\tSirupy,\n\t\t\t\t\t\t\t\t\t\t\t\t</a>\n\t\t\t\t\t\t\t\t\t\t<a href=\"/napoje\">...</a>\n\t\t\t\t\t\t\t\t\t</div>\n\t\t\t\t\t\t\t\t</div>\n\t\t\t\t\t\t\t\t<div class=\"product-type\">\n\t\t\t\t\t\t\t\t\t\t<a href=\"/napoje/cokolady-a-rozpustne-napoje\" class=\"product-type-image\">\n\t\t\t\t\t\t\t\t\t\t\t<img data-src=\"https://cdn.kosik.cz/content/category/jpg/menu/97.jpg\" alt=\"Čokolády a rozpustné nápoje\">\n\t\t\t\t\t\t\t\t\t\t</a>\n\t\t\t\t\t\t\t\t\t<h3>\n\t\t\t\t\t\t\t\t\t\t<a class=\"children\" href=\"/napoje/cokolady-a-rozpustne-napoje\">\n\t\t\t\t\t\t\t\t\t\t\tČokolády a rozpustné nápoje\n\t\t\t\t\t\t\t\t\t\t</a>\n\t\t\t\t\t\t\t\t\t</h3>\n\n\t\t\t\t\t\t\t\t\t\t\t\t\t\t\t\t\t\t<div class=\"categories-container\">\n\n\t\t\t\t\t\t\t\t\t\t\t\t<a href=\"/napoje/cokolady-a-rozpustne-napoje/detske-kavoviny\">\n\t\t\t\t\t\t\t\t\t\t\t\t\tDětské kávoviny,\n\t\t\t\t\t\t\t\t\t\t\t\t</a>\n\n\t\t\t\t\t\t\t\t\t\t\t\t<a href=\"/napoje/cokolady-a-rozpustne-napoje/instantni-napoje\">\n\t\t\t\t\t\t\t\t\t\t\t\t\tInstantní nápoje,\n\t\t\t\t\t\t\t\t\t\t\t\t</a>\n\n\t\t\t\t\t\t\t\t\t\t\t\t<a href=\"/napoje/cokolady-a-rozpustne-napoje/rozpustne-kavoviny\">\n\t\t\t\t\t\t\t\t\t\t\t\t\tRozpustné kávoviny,\n\t\t\t\t\t\t\t\t\t\t\t\t</a>\n\n\t\t\t\t\t\t\t\t\t\t<a href=\"/napoje\">...</a>\n\t\t\t\t\t\t\t\t\t</div>\n\t\t\t\t\t\t\t\t</div>\n\t\t\t\t\t\t\t\t<div class=\"product-type\">\n\t\t\t\t\t\t\t\t\t\t<a href=\"/napoje/caj-kava-a-ledova-kava\" class=\"product-type-image\">\n\t\t\t\t\t\t\t\t\t\t\t<img data-src=\"https://cdn.kosik.cz/content/category/jpg/menu/166.jpg\" alt=\"Čaj, káva a ledová káva\">\n\t\t\t\t\t\t\t\t\t\t</a>\n\t\t\t\t\t\t\t\t\t<h3>\n\t\t\t\t\t\t\t\t\t\t<a class=\"children\" href=\"/napoje/caj-kava-a-ledova-kava\">\n\t\t\t\t\t\t\t\t\t\t\tČaj, káva a ledová káva\n\t\t\t\t\t\t\t\t\t\t</a>\n\t\t\t\t\t\t\t\t\t</h3>\n\n\t\t\t\t\t\t\t\t\t\t\t\t\t\t\t\t\t\t<div class=\"categories-container\">\n\n\t\t\t\t\t\t\t\t\t\t\t\t<a href=\"/napoje/caj-kava-a-ledova-kava/kava\">\n\t\t\t\t\t\t\t\t\t\t\t\t\tKáva,\n\t\t\t\t\t\t\t\t\t\t\t\t</a>\n\n\t\t\t\t\t\t\t\t\t\t\t\t<a href=\"/napoje/caj-kava-a-ledova-kava/ledova-kava\">\n\t\t\t\t\t\t\t\t\t\t\t\t\tLedová káva,\n\t\t\t\t\t\t\t\t\t\t\t\t</a>\n\n\t\t\t\t\t\t\t\t\t\t\t\t<a href=\"/napoje/caj-kava-a-ledova-kava/caj\">\n\t\t\t\t\t\t\t\t\t\t\t\t\tČaj,\n\t\t\t\t\t\t\t\t\t\t\t\t</a>\n\t\t\t\t\t\t\t\t\t\t<a href=\"/napoje\">...</a>\n\t\t\t\t\t\t\t\t\t</div>\n\t\t\t\t\t\t\t\t</div>\n\t\t\t\t\t\t\t\t<div class=\"product-type\">\n\t\t\t\t\t\t\t\t\t\t<a href=\"/napoje/limonady-a-ledove-caje\" class=\"product-type-image\">\n\t\t\t\t\t\t\t\t\t\t\t<img data-src=\"https://cdn.kosik.cz/content/category/jpg/menu/177.jpg\" alt=\"Limonády a ledové čaje\">\n\t\t\t\t\t\t\t\t\t\t</a>\n\t\t\t\t\t\t\t\t\t<h3>\n\t\t\t\t\t\t\t\t\t\t<a class=\"children\" href=\"/napoje/limonady-a-ledove-caje\">\n\t\t\t\t\t\t\t\t\t\t\tLimonády a ledové čaje\n\t\t\t\t\t\t\t\t\t\t</a>\n\t\t\t\t\t\t\t\t\t</h3>\n\n\t\t\t\t\t\t\t\t\t\t\t\t\t\t\t\t\t\t<div class=\"categories-container\">\n\n\t\t\t\t\t\t\t\t\t\t\t\t<a href=\"/napoje/limonady-a-ledove-caje/ledove-caje\">\n\t\t\t\t\t\t\t\t\t\t\t\t\tLedové čaje,\n\t\t\t\t\t\t\t\t\t\t\t\t</a>\n\n\t\t\t\t\t\t\t\t\t\t\t\t<a href=\"/napoje/limonady-a-ledove-caje/limonady\">\n\t\t\t\t\t\t\t\t\t\t\t\t\tLimonády,\n\t\t\t\t\t\t\t\t\t\t\t\t</a>\n\t\t\t\t\t\t\t\t\t\t<a href=\"/napoje\">...</a>\n\t\t\t\t\t\t\t\t\t</div>\n\t\t\t\t\t\t\t\t</div>\n\t\t\t\t\t\t\t\t<div class=\"product-type\">\n\t\t\t\t\t\t\t\t\t\t<a href=\"/napoje/pivo\" class=\"product-type-image\">\n\t\t\t\t\t\t\t\t\t\t\t<img data-src=\"https://cdn.kosik.cz/content/category/jpg/menu/180.jpg\" alt=\"Pivo\">\n\t\t\t\t\t\t\t\t\t\t</a>\n\t\t\t\t\t\t\t\t\t<h3>\n\t\t\t\t\t\t\t\t\t\t<a class=\"children\" href=\"/napoje/pivo\">\n\t\t\t\t\t\t\t\t\t\t\tPivo\n\t\t\t\t\t\t\t\t\t\t</a>\n\t\t\t\t\t\t\t\t\t</h3>\n\n\t\t\t\t\t\t\t\t\t\t\t\t\t\t\t\t\t\t<div class=\"categories-container\">\n\n\t\t\t\t\t\t\t\t\t\t\t\t<a href=\"/napoje/pivo/tmave-pivo\">\n\t\t\t\t\t\t\t\t\t\t\t\t\tTmavé pivo,\n\t\t\t\t\t\t\t\t\t\t\t\t</a>\n\n\t\t\t\t\t\t\t\t\t\t\t\t<a href=\"/napoje/pivo/multibaleni\">\n\t\t\t\t\t\t\t\t\t\t\t\t\tMultibalení,\n\t\t\t\t\t\t\t\t\t\t\t\t</a>\n\n\t\t\t\t\t\t\t\t\t\t\t\t<a href=\"/napoje/pivo/zahranicni\">\n\t\t\t\t\t\t\t\t\t\t\t\t\tZahraniční,\n\t\t\t\t\t\t\t\t\t\t\t\t</a>\n\n\t\t\t\t\t\t\t\t\t\t\t\t<a href=\"/napoje/pivo/lezak\">\n\t\t\t\t\t\t\t\t\t\t\t\t\tLežák,\n\t\t\t\t\t\t\t\t\t\t\t\t</a>\n\n\t\t\t\t\t\t\t\t\t\t\t\t<a href=\"/napoje/pivo/vycepni\">\n\t\t\t\t\t\t\t\t\t\t\t\t\tVýčepní,\n\t\t\t\t\t\t\t\t\t\t\t\t</a>\n\n\t\t\t\t\t\t\t\t\t\t\t\t<a href=\"/napoje/pivo/psenicne\">\n\t\t\t\t\t\t\t\t\t\t\t\t\tPšeničné,\n\t\t\t\t\t\t\t\t\t\t\t\t</a>\n\n\n\n\n\n\n\t\t\t\t\t\t\t\t\t\t<a href=\"/napoje\">...</a>\n\t\t\t\t\t\t\t\t\t</div>\n\t\t\t\t\t\t\t\t</div>\n\t\t\t\t\t\t\t\t<div class=\"product-type\">\n\t\t\t\t\t\t\t\t\t\t<a href=\"/napoje/alkoholicke-napoje\" class=\"product-type-image\">\n\t\t\t\t\t\t\t\t\t\t\t<img data-src=\"https://cdn.kosik.cz/content/category/jpg/menu/184.jpg\" alt=\"Alkoholické nápoje\">\n\t\t\t\t\t\t\t\t\t\t</a>\n\t\t\t\t\t\t\t\t\t<h3>\n\t\t\t\t\t\t\t\t\t\t<a class=\"children\" href=\"/napoje/alkoholicke-napoje\">\n\t\t\t\t\t\t\t\t\t\t\tAlkoholické nápoje\n\t\t\t\t\t\t\t\t\t\t</a>\n\t\t\t\t\t\t\t\t\t</h3>\n\n\t\t\t\t\t\t\t\t\t\t\t\t\t\t\t\t\t\t<div class=\"categories-container\">\n\n\t\t\t\t\t\t\t\t\t\t\t\t<a href=\"/napoje/alkoholicke-napoje/lihoviny\">\n\t\t\t\t\t\t\t\t\t\t\t\t\tLihoviny,\n\t\t\t\t\t\t\t\t\t\t\t\t</a>\n\n\n\t\t\t\t\t\t\t\t\t\t\t\t<a href=\"/napoje/alkoholicke-napoje/vina\">\n\t\t\t\t\t\t\t\t\t\t\t\t\tVína,\n\t\t\t\t\t\t\t\t\t\t\t\t</a>\n\t\t\t\t\t\t\t\t\t\t<a href=\"/napoje\">...</a>\n\t\t\t\t\t\t\t\t\t</div>\n\t\t\t\t\t\t\t\t</div>\n\t\t\t\t\t\t\t\t<div class=\"product-type\">\n\t\t\t\t\t\t\t\t\t\t<a href=\"/napoje/mineralni-a-stolni-vody\" class=\"product-type-image\">\n\t\t\t\t\t\t\t\t\t\t\t<img data-src=\"https://cdn.kosik.cz/content/category/jpg/menu/205.jpg\" alt=\"Minerální a stolní vody\">\n\t\t\t\t\t\t\t\t\t\t</a>\n\t\t\t\t\t\t\t\t\t<h3>\n\t\t\t\t\t\t\t\t\t\t<a class=\"children\" href=\"/napoje/mineralni-a-stolni-vody\">\n\t\t\t\t\t\t\t\t\t\t\tMinerální a stolní vody\n\t\t\t\t\t\t\t\t\t\t</a>\n\t\t\t\t\t\t\t\t\t</h3>\n\n\t\t\t\t\t\t\t\t\t\t\t\t\t\t\t\t\t\t<div class=\"categories-container\">\n\n\t\t\t\t\t\t\t\t\t\t\t\t<a href=\"/napoje/mineralni-a-stolni-vody/mineralni-vody\">\n\t\t\t\t\t\t\t\t\t\t\t\t\tMinerální vody,\n\t\t\t\t\t\t\t\t\t\t\t\t</a>\n\n\t\t\t\t\t\t\t\t\t\t\t\t<a href=\"/napoje/mineralni-a-stolni-vody/stolni-vody\">\n\t\t\t\t\t\t\t\t\t\t\t\t\tStolní vody,\n\t\t\t\t\t\t\t\t\t\t\t\t</a>\n\t\t\t\t\t\t\t\t\t\t<a href=\"/napoje\">...</a>\n\t\t\t\t\t\t\t\t\t</div>\n\t\t\t\t\t\t\t\t</div>\n\t\t\t\t\t\t\t\t<div class=\"product-type\">\n\t\t\t\t\t\t\t\t\t\t<a href=\"/napoje/energeticke-napoje\" class=\"product-type-image\">\n\t\t\t\t\t\t\t\t\t\t\t<img data-src=\"https://cdn.kosik.cz/content/category/jpg/menu/397.jpg\" alt=\"Energetické nápoje\">\n\t\t\t\t\t\t\t\t\t\t</a>\n\t\t\t\t\t\t\t\t\t<h3>\n\t\t\t\t\t\t\t\t\t\t<a class=\"children\" href=\"/napoje/energeticke-napoje\">\n\t\t\t\t\t\t\t\t\t\t\tEnergetické nápoje\n\t\t\t\t\t\t\t\t\t\t</a>\n\t\t\t\t\t\t\t\t\t</h3>\n\n\t\t\t\t\t\t\t\t\t\t\t\t\t\t\t\t\t</div>\n\t\t\t\t\t\t\t</div>\n\t\t\t\t\t\t</div>\n\t\t\t\t\t</div>\n\t\t\t\t</li>\n\t\t\t\t<li class=\"sub with-children\" data-open=\"false\">\n\t\t\t\t\t<a href=\"/drogerie\" \"=\"\">\n\t\t\t\t\t\tDrogerie\n\t\t\t\t\t</a>\n\t\t\t\t\t\t<span class=\"category-toggle-sub mobile-small-nav-show\" onclick=\"this.parentNode.classList.toggle('open')\">\n\t\t\t\t\t\t\t<i class=\"fa fa-angle-down\" aria-hidden=\"true\"></i>\n\t\t\t\t\t\t</span>\n\n\n\t\t\t\t\t<div class=\"block block-droped-category\">\n\t\t\t\t\t\t<div class=\"block-droped-category-inner\">\n\t\t\t\t\t\t\t<div class=\"category-product-list\">\n\n\t\t\t\t\t\t\t\t\t\t\t\t\t\t\t\t<div class=\"product-type\">\n\t\t\t\t\t\t\t\t\t\t<a href=\"/drogerie/praci-prostredky\" class=\"product-type-image\">\n\t\t\t\t\t\t\t\t\t\t\t<img data-src=\"https://cdn.kosik.cz/content/category/jpg/menu/9.jpg\" alt=\"Prací prostředky\">\n\t\t\t\t\t\t\t\t\t\t</a>\n\t\t\t\t\t\t\t\t\t<h3>\n\t\t\t\t\t\t\t\t\t\t<a class=\"children\" href=\"/drogerie/praci-prostredky\">\n\t\t\t\t\t\t\t\t\t\t\tPrací prostředky\n\t\t\t\t\t\t\t\t\t\t</a>\n\t\t\t\t\t\t\t\t\t</h3>\n\n\t\t\t\t\t\t\t\t\t\t\t\t\t\t\t\t\t\t<div class=\"categories-container\">\n\n\t\t\t\t\t\t\t\t\t\t\t\t<a href=\"/drogerie/praci-prostredky/avivaze\">\n\t\t\t\t\t\t\t\t\t\t\t\t\tAviváže,\n\t\t\t\t\t\t\t\t\t\t\t\t</a>\n\n\n\t\t\t\t\t\t\t\t\t\t\t\t<a href=\"/drogerie/praci-prostredky/gely-na-prani\">\n\t\t\t\t\t\t\t\t\t\t\t\t\tGely na praní,\n\t\t\t\t\t\t\t\t\t\t\t\t</a>\n\n\n\t\t\t\t\t\t\t\t\t\t\t\t<a href=\"/drogerie/praci-prostredky/prasky-na-prani\">\n\t\t\t\t\t\t\t\t\t\t\t\t\tPrášky na praní,\n\t\t\t\t\t\t\t\t\t\t\t\t</a>\n\n\t\t\t\t\t\t\t\t\t\t<a href=\"/drogerie\">...</a>\n\t\t\t\t\t\t\t\t\t</div>\n\t\t\t\t\t\t\t\t</div>\n\t\t\t\t\t\t\t\t<div class=\"product-type\">\n\t\t\t\t\t\t\t\t\t\t<a href=\"/drogerie/ostatni-drogerie\" class=\"product-type-image\">\n\t\t\t\t\t\t\t\t\t\t\t<img data-src=\"https://cdn.kosik.cz/content/category/jpg/menu/34.jpg\" alt=\"Ostatní drogerie\">\n\t\t\t\t\t\t\t\t\t\t</a>\n\t\t\t\t\t\t\t\t\t<h3>\n\t\t\t\t\t\t\t\t\t\t<a class=\"children\" href=\"/drogerie/ostatni-drogerie\">\n\t\t\t\t\t\t\t\t\t\t\tOstatní drogerie\n\t\t\t\t\t\t\t\t\t\t</a>\n\t\t\t\t\t\t\t\t\t</h3>\n\n\t\t\t\t\t\t\t\t\t\t\t\t\t\t\t\t\t\t<div class=\"categories-container\">\n\n\t\t\t\t\t\t\t\t\t\t\t\t<a href=\"/drogerie/ostatni-drogerie/baterie-a-svitilny\">\n\t\t\t\t\t\t\t\t\t\t\t\t\tBaterie a svítilny,\n\t\t\t\t\t\t\t\t\t\t\t\t</a>\n\n\t\t\t\t\t\t\t\t\t\t\t\t<a href=\"/drogerie/ostatni-drogerie/domov-a-zabava\">\n\t\t\t\t\t\t\t\t\t\t\t\t\tDomov a zábava,\n\t\t\t\t\t\t\t\t\t\t\t\t</a>\n\n\t\t\t\t\t\t\t\t\t\t\t\t<a href=\"/drogerie/ostatni-drogerie/folie-a-obaly\">\n\t\t\t\t\t\t\t\t\t\t\t\t\tFolie a obaly,\n\t\t\t\t\t\t\t\t\t\t\t\t</a>\n\n\t\t\t\t\t\t\t\t\t\t\t\t<a href=\"/drogerie/ostatni-drogerie/grilovani\">\n\t\t\t\t\t\t\t\t\t\t\t\t\tGrilování,\n\t\t\t\t\t\t\t\t\t\t\t\t</a>\n\n\n\n\n\t\t\t\t\t\t\t\t\t\t<a href=\"/drogerie\">...</a>\n\t\t\t\t\t\t\t\t\t</div>\n\t\t\t\t\t\t\t\t</div>\n\t\t\t\t\t\t\t\t<div class=\"product-type\">\n\t\t\t\t\t\t\t\t\t\t<a href=\"/drogerie/hygiena\" class=\"product-type-image\">\n\t\t\t\t\t\t\t\t\t\t\t<img data-src=\"https://cdn.kosik.cz/content/category/jpg/menu/82.jpg\" alt=\"Hygiena\">\n\t\t\t\t\t\t\t\t\t\t</a>\n\t\t\t\t\t\t\t\t\t<h3>\n\t\t\t\t\t\t\t\t\t\t<a class=\"children\" href=\"/drogerie/hygiena\">\n\t\t\t\t\t\t\t\t\t\t\tHygiena\n\t\t\t\t\t\t\t\t\t\t</a>\n\t\t\t\t\t\t\t\t\t</h3>\n\n\t\t\t\t\t\t\t\t\t\t\t\t\t\t\t\t\t\t<div class=\"categories-container\">\n\n\t\t\t\t\t\t\t\t\t\t\t\t<a href=\"/drogerie/hygiena/damska-hygiena\">\n\t\t\t\t\t\t\t\t\t\t\t\t\tDámska hygiena,\n\t\t\t\t\t\t\t\t\t\t\t\t</a>\n\n\t\t\t\t\t\t\t\t\t\t\t\t<a href=\"/drogerie/hygiena/koupelna\">\n\t\t\t\t\t\t\t\t\t\t\t\t\tKoupelna,\n\t\t\t\t\t\t\t\t\t\t\t\t</a>\n\n\t\t\t\t\t\t\t\t\t\t\t\t<a href=\"/drogerie/hygiena/ustni-hygiena\">\n\t\t\t\t\t\t\t\t\t\t\t\t\tÚstní hygiena,\n\t\t\t\t\t\t\t\t\t\t\t\t</a>\n\t\t\t\t\t\t\t\t\t\t<a href=\"/drogerie\">...</a>\n\t\t\t\t\t\t\t\t\t</div>\n\t\t\t\t\t\t\t\t</div>\n\t\t\t\t\t\t\t\t<div class=\"product-type\">\n\t\t\t\t\t\t\t\t\t\t<a href=\"/drogerie/holeni\" class=\"product-type-image\">\n\t\t\t\t\t\t\t\t\t\t\t<img data-src=\"https://cdn.kosik.cz/content/category/jpg/menu/88.jpg\" alt=\"Holení\">\n\t\t\t\t\t\t\t\t\t\t</a>\n\t\t\t\t\t\t\t\t\t<h3>\n\t\t\t\t\t\t\t\t\t\t<a class=\"children\" href=\"/drogerie/holeni\">\n\t\t\t\t\t\t\t\t\t\t\tHolení\n\t\t\t\t\t\t\t\t\t\t</a>\n\t\t\t\t\t\t\t\t\t</h3>\n\n\t\t\t\t\t\t\t\t\t\t\t\t\t\t\t\t\t\t<div class=\"categories-container\">\n\n\t\t\t\t\t\t\t\t\t\t\t\t<a href=\"/drogerie/holeni/damske-holeni\">\n\t\t\t\t\t\t\t\t\t\t\t\t\tDámské holení,\n\t\t\t\t\t\t\t\t\t\t\t\t</a>\n\n\t\t\t\t\t\t\t\t\t\t\t\t<a href=\"/drogerie/holeni/panske-holeni\">\n\t\t\t\t\t\t\t\t\t\t\t\t\tPánské holení,\n\t\t\t\t\t\t\t\t\t\t\t\t</a>\n\t\t\t\t\t\t\t\t\t\t<a href=\"/drogerie\">...</a>\n\t\t\t\t\t\t\t\t\t</div>\n\t\t\t\t\t\t\t\t</div>\n\t\t\t\t\t\t\t\t<div class=\"product-type\">\n\t\t\t\t\t\t\t\t\t\t<a href=\"/drogerie/deodoranty\" class=\"product-type-image\">\n\t\t\t\t\t\t\t\t\t\t\t<img data-src=\"https://cdn.kosik.cz/content/category/jpg/menu/92.jpg\" alt=\"Deodoranty\">\n\t\t\t\t\t\t\t\t\t\t</a>\n\t\t\t\t\t\t\t\t\t<h3>\n\t\t\t\t\t\t\t\t\t\t<a class=\"children\" href=\"/drogerie/deodoranty\">\n\t\t\t\t\t\t\t\t\t\t\tDeodoranty\n\t\t\t\t\t\t\t\t\t\t</a>\n\t\t\t\t\t\t\t\t\t</h3>\n\n\t\t\t\t\t\t\t\t\t\t\t\t\t\t\t\t\t\t<div class=\"categories-container\">\n\n\t\t\t\t\t\t\t\t\t\t\t\t<a href=\"/drogerie/deodoranty/damske-spreje\">\n\t\t\t\t\t\t\t\t\t\t\t\t\tDámské spreje,\n\t\t\t\t\t\t\t\t\t\t\t\t</a>\n\n\t\t\t\t\t\t\t\t\t\t\t\t<a href=\"/drogerie/deodoranty/panske-deodoranty\">\n\t\t\t\t\t\t\t\t\t\t\t\t\tPánské deodoranty,\n\t\t\t\t\t\t\t\t\t\t\t\t</a>\n\n\t\t\t\t\t\t\t\t\t\t\t\t<a href=\"/drogerie/deodoranty/panske-spreje\">\n\t\t\t\t\t\t\t\t\t\t\t\t\tPánské spreje,\n\t\t\t\t\t\t\t\t\t\t\t\t</a>\n\n\t\t\t\t\t\t\t\t\t\t<a href=\"/drogerie\">...</a>\n\t\t\t\t\t\t\t\t\t</div>\n\t\t\t\t\t\t\t\t</div>\n\t\t\t\t\t\t\t\t<div class=\"product-type\">\n\t\t\t\t\t\t\t\t\t\t<a href=\"/drogerie/myci-prostredky\" class=\"product-type-image\">\n\t\t\t\t\t\t\t\t\t\t\t<img data-src=\"https://cdn.kosik.cz/content/category/jpg/menu/123.jpg\" alt=\"Mycí prostředky\">\n\t\t\t\t\t\t\t\t\t\t</a>\n\t\t\t\t\t\t\t\t\t<h3>\n\t\t\t\t\t\t\t\t\t\t<a class=\"children\" href=\"/drogerie/myci-prostredky\">\n\t\t\t\t\t\t\t\t\t\t\tMycí prostředky\n\t\t\t\t\t\t\t\t\t\t</a>\n\t\t\t\t\t\t\t\t\t</h3>\n\n\t\t\t\t\t\t\t\t\t\t\t\t\t\t\t\t\t\t<div class=\"categories-container\">\n\n\t\t\t\t\t\t\t\t\t\t\t\t<a href=\"/drogerie/myci-prostredky/houbicky\">\n\t\t\t\t\t\t\t\t\t\t\t\t\tHoubičky,\n\t\t\t\t\t\t\t\t\t\t\t\t</a>\n\n\n\t\t\t\t\t\t\t\t\t\t<a href=\"/drogerie\">...</a>\n\t\t\t\t\t\t\t\t\t</div>\n\t\t\t\t\t\t\t\t</div>\n\t\t\t\t\t\t\t\t<div class=\"product-type\">\n\t\t\t\t\t\t\t\t\t\t<a href=\"/drogerie/toaletni-papir-kapesniky\" class=\"product-type-image\">\n\t\t\t\t\t\t\t\t\t\t\t<img data-src=\"https://cdn.kosik.cz/content/category/jpg/menu/133.jpg\" alt=\"Toaletní papír, kapesníky…\">\n\t\t\t\t\t\t\t\t\t\t</a>\n\t\t\t\t\t\t\t\t\t<h3>\n\t\t\t\t\t\t\t\t\t\t<a class=\"children\" href=\"/drogerie/toaletni-papir-kapesniky\">\n\t\t\t\t\t\t\t\t\t\t\tToaletní papír, kapesníky…\n\t\t\t\t\t\t\t\t\t\t</a>\n\t\t\t\t\t\t\t\t\t</h3>\n\n\t\t\t\t\t\t\t\t\t\t\t\t\t\t\t\t\t\t<div class=\"categories-container\">\n\n\t\t\t\t\t\t\t\t\t\t\t\t<a href=\"/drogerie/toaletni-papir-kapesniky/kapesniky\">\n\t\t\t\t\t\t\t\t\t\t\t\t\tKapesníky,\n\t\t\t\t\t\t\t\t\t\t\t\t</a>\n\n\t\t\t\t\t\t\t\t\t\t\t\t<a href=\"/drogerie/toaletni-papir-kapesniky/kuchynske-uterky\">\n\t\t\t\t\t\t\t\t\t\t\t\t\tKuchyňské utěrky,\n\t\t\t\t\t\t\t\t\t\t\t\t</a>\n\n\t\t\t\t\t\t\t\t\t\t\t\t<a href=\"/drogerie/toaletni-papir-kapesniky/papirove-ubrousky\">\n\t\t\t\t\t\t\t\t\t\t\t\t\tPapírové ubrousky,\n\t\t\t\t\t\t\t\t\t\t\t\t</a>\n\n\t\t\t\t\t\t\t\t\t\t\t\t<a href=\"/drogerie/toaletni-papir-kapesniky/toaletni-papir\">\n\t\t\t\t\t\t\t\t\t\t\t\t\tToaletní papír,\n\t\t\t\t\t\t\t\t\t\t\t\t</a>\n\t\t\t\t\t\t\t\t\t\t<a href=\"/drogerie\">...</a>\n\t\t\t\t\t\t\t\t\t</div>\n\t\t\t\t\t\t\t\t</div>\n\t\t\t\t\t\t\t\t<div class=\"product-type\">\n\t\t\t\t\t\t\t\t\t\t<a href=\"/drogerie/cistici-prostredky\" class=\"product-type-image\">\n\t\t\t\t\t\t\t\t\t\t\t<img data-src=\"https://cdn.kosik.cz/content/category/jpg/menu/162.jpg\" alt=\"Čistící prostředky\">\n\t\t\t\t\t\t\t\t\t\t</a>\n\t\t\t\t\t\t\t\t\t<h3>\n\t\t\t\t\t\t\t\t\t\t<a class=\"children\" href=\"/drogerie/cistici-prostredky\">\n\t\t\t\t\t\t\t\t\t\t\tČistící prostředky\n\t\t\t\t\t\t\t\t\t\t</a>\n\t\t\t\t\t\t\t\t\t</h3>\n\n\t\t\t\t\t\t\t\t\t\t\t\t\t\t\t\t\t\t<div class=\"categories-container\">\n\n\n\t\t\t\t\t\t\t\t\t\t\t\t<a href=\"/drogerie/cistici-prostredky/lestidla-na-nabytek\">\n\t\t\t\t\t\t\t\t\t\t\t\t\tLeštidla na nábytek,\n\t\t\t\t\t\t\t\t\t\t\t\t</a>\n\n\t\t\t\t\t\t\t\t\t\t\t\t<a href=\"/drogerie/cistici-prostredky/na-okna\">\n\t\t\t\t\t\t\t\t\t\t\t\t\tNa okna,\n\t\t\t\t\t\t\t\t\t\t\t\t</a>\n\n\t\t\t\t\t\t\t\t\t\t\t\t<a href=\"/drogerie/cistici-prostredky/na-podlahy-a-koberce\">\n\t\t\t\t\t\t\t\t\t\t\t\t\tNa podlahy a koberce,\n\t\t\t\t\t\t\t\t\t\t\t\t</a>\n\n\n\n\t\t\t\t\t\t\t\t\t\t\t\t<a href=\"/drogerie/cistici-prostredky/pisky-a-kremy\">\n\t\t\t\t\t\t\t\t\t\t\t\t\tPísky a krémy,\n\t\t\t\t\t\t\t\t\t\t\t\t</a>\n\n\t\t\t\t\t\t\t\t\t\t<a href=\"/drogerie\">...</a>\n\t\t\t\t\t\t\t\t\t</div>\n\t\t\t\t\t\t\t\t</div>\n\t\t\t\t\t\t\t\t<div class=\"product-type\">\n\t\t\t\t\t\t\t\t\t\t<a href=\"/drogerie/pece-o-telo\" class=\"product-type-image\">\n\t\t\t\t\t\t\t\t\t\t\t<img data-src=\"https://cdn.kosik.cz/content/category/jpg/menu/282.jpg\" alt=\"Péče o tělo\">\n\t\t\t\t\t\t\t\t\t\t</a>\n\t\t\t\t\t\t\t\t\t<h3>\n\t\t\t\t\t\t\t\t\t\t<a class=\"children\" href=\"/drogerie/pece-o-telo\">\n\t\t\t\t\t\t\t\t\t\t\tPéče o tělo\n\t\t\t\t\t\t\t\t\t\t</a>\n\t\t\t\t\t\t\t\t\t</h3>\n\n\t\t\t\t\t\t\t\t\t\t\t\t\t\t\t\t\t\t<div class=\"categories-container\">\n\n\t\t\t\t\t\t\t\t\t\t\t\t<a href=\"/drogerie/pece-o-telo/pece-o-plet\">\n\t\t\t\t\t\t\t\t\t\t\t\t\tPéče o pleť,\n\t\t\t\t\t\t\t\t\t\t\t\t</a>\n\n\n\t\t\t\t\t\t\t\t\t\t\t\t<a href=\"/drogerie/pece-o-telo/pece-o-ruce-a-nohy\">\n\t\t\t\t\t\t\t\t\t\t\t\t\tPéče o ruce a nohy,\n\t\t\t\t\t\t\t\t\t\t\t\t</a>\n\n\t\t\t\t\t\t\t\t\t\t\t\t<a href=\"/drogerie/pece-o-telo/pece-o-vlasy\">\n\t\t\t\t\t\t\t\t\t\t\t\t\tPéče o vlasy,\n\t\t\t\t\t\t\t\t\t\t\t\t</a>\n\t\t\t\t\t\t\t\t\t\t<a href=\"/drogerie\">...</a>\n\t\t\t\t\t\t\t\t\t</div>\n\t\t\t\t\t\t\t\t</div>\n\t\t\t\t\t\t\t\t<div class=\"product-type\">\n\t\t\t\t\t\t\t\t\t\t<a href=\"/drogerie/detske\" class=\"product-type-image\">\n\t\t\t\t\t\t\t\t\t\t\t<img data-src=\"https://cdn.kosik.cz/content/category/jpg/menu/701.jpg\" alt=\"Dětské\">\n\t\t\t\t\t\t\t\t\t\t</a>\n\t\t\t\t\t\t\t\t\t<h3>\n\t\t\t\t\t\t\t\t\t\t<a class=\"children\" href=\"/drogerie/detske\">\n\t\t\t\t\t\t\t\t\t\t\tDětské\n\t\t\t\t\t\t\t\t\t\t</a>\n\t\t\t\t\t\t\t\t\t</h3>\n\n\t\t\t\t\t\t\t\t\t\t\t\t\t\t\t\t\t\t<div class=\"categories-container\">\n\n\t\t\t\t\t\t\t\t\t\t\t\t<a href=\"/drogerie/detske/detske-kremy-a-mleka\">\n\t\t\t\t\t\t\t\t\t\t\t\t\tDětské krémy a mléka,\n\t\t\t\t\t\t\t\t\t\t\t\t</a>\n\n\t\t\t\t\t\t\t\t\t\t\t\t<a href=\"/drogerie/detske/detske-oleje\">\n\t\t\t\t\t\t\t\t\t\t\t\t\tDětské oleje,\n\t\t\t\t\t\t\t\t\t\t\t\t</a>\n\n\t\t\t\t\t\t\t\t\t\t<a href=\"/drogerie\">...</a>\n\t\t\t\t\t\t\t\t\t</div>\n\t\t\t\t\t\t\t\t</div>\n\t\t\t\t\t\t\t\t<div class=\"product-type\">\n\t\t\t\t\t\t\t\t\t\t<a href=\"/drogerie/eco-drogerie\" class=\"product-type-image\">\n\t\t\t\t\t\t\t\t\t\t\t<img data-src=\"https://cdn.kosik.cz/content/category/jpg/menu/721.jpg\" alt=\"Eco drogerie\">\n\t\t\t\t\t\t\t\t\t\t</a>\n\t\t\t\t\t\t\t\t\t<h3>\n\t\t\t\t\t\t\t\t\t\t<a class=\"children\" href=\"/drogerie/eco-drogerie\">\n\t\t\t\t\t\t\t\t\t\t\tEco drogerie\n\t\t\t\t\t\t\t\t\t\t</a>\n\t\t\t\t\t\t\t\t\t</h3>\n\n\t\t\t\t\t\t\t\t\t\t\t\t\t\t\t\t\t\t<div class=\"categories-container\">\n\n\t\t\t\t\t\t\t\t\t\t\t\t<a href=\"/drogerie/eco-drogerie/eco-praci-prostredky\">\n\t\t\t\t\t\t\t\t\t\t\t\t\tEco prací prostředky,\n\t\t\t\t\t\t\t\t\t\t\t\t</a>\n\n\t\t\t\t\t\t\t\t\t\t\t\t<a href=\"/drogerie/eco-drogerie/eco-myti-nadobi\">\n\t\t\t\t\t\t\t\t\t\t\t\t\tEco mytí nádobí,\n\t\t\t\t\t\t\t\t\t\t\t\t</a>\n\n\n\t\t\t\t\t\t\t\t\t\t<a href=\"/drogerie\">...</a>\n\t\t\t\t\t\t\t\t\t</div>\n\t\t\t\t\t\t\t\t</div>\n\t\t\t\t\t\t\t\t<div class=\"product-type\">\n\t\t\t\t\t\t\t\t\t\t<a href=\"/drogerie/darkove-sady\" class=\"product-type-image\">\n\t\t\t\t\t\t\t\t\t\t\t<img data-src=\"https://cdn.kosik.cz/content/category/jpg/menu/773.jpg\" alt=\"Dárkové sady\">\n\t\t\t\t\t\t\t\t\t\t</a>\n\t\t\t\t\t\t\t\t\t<h3>\n\t\t\t\t\t\t\t\t\t\t<a class=\"children\" href=\"/drogerie/darkove-sady\">\n\t\t\t\t\t\t\t\t\t\t\tDárkové sady\n\t\t\t\t\t\t\t\t\t\t</a>\n\t\t\t\t\t\t\t\t\t</h3>\n\n\t\t\t\t\t\t\t\t\t\t\t\t\t\t\t\t\t</div>\n\t\t\t\t\t\t\t</div>\n\t\t\t\t\t\t</div>\n\t\t\t\t\t</div>\n\t\t\t\t</li>\n\t\t\t\t<li class=\"sub with-children\" data-open=\"false\">\n\t\t\t\t\t<a href=\"/deti\" \"=\"\">\n\t\t\t\t\t\tDěti\n\t\t\t\t\t</a>\n\t\t\t\t\t\t<span class=\"category-toggle-sub mobile-small-nav-show\" onclick=\"this.parentNode.classList.toggle('open')\">\n\t\t\t\t\t\t\t<i class=\"fa fa-angle-down\" aria-hidden=\"true\"></i>\n\t\t\t\t\t\t</span>\n\n\n\t\t\t\t\t<div class=\"block block-droped-category\">\n\t\t\t\t\t\t<div class=\"block-droped-category-inner\">\n\t\t\t\t\t\t\t<div class=\"category-product-list\">\n\n\t\t\t\t\t\t\t\t\t\t\t\t\t\t\t\t<div class=\"product-type\">\n\t\t\t\t\t\t\t\t\t\t<a href=\"/deti/prislusenstvi\" class=\"product-type-image\">\n\t\t\t\t\t\t\t\t\t\t\t<img data-src=\"https://cdn.kosik.cz/content/category/jpg/menu/80.jpg\" alt=\"Příslušenství\">\n\t\t\t\t\t\t\t\t\t\t</a>\n\t\t\t\t\t\t\t\t\t<h3>\n\t\t\t\t\t\t\t\t\t\t<a class=\"children\" href=\"/deti/prislusenstvi\">\n\t\t\t\t\t\t\t\t\t\t\tPříslušenství\n\t\t\t\t\t\t\t\t\t\t</a>\n\t\t\t\t\t\t\t\t\t</h3>\n\n\t\t\t\t\t\t\t\t\t\t\t\t\t\t\t\t\t\t<div class=\"categories-container\">\n\n\t\t\t\t\t\t\t\t\t\t\t\t<a href=\"/deti/prislusenstvi/dudliky-a-savicky\">\n\t\t\t\t\t\t\t\t\t\t\t\t\tDudlíky a savičky,\n\t\t\t\t\t\t\t\t\t\t\t\t</a>\n\n\t\t\t\t\t\t\t\t\t\t\t\t<a href=\"/deti/prislusenstvi/ostatni-pece\">\n\t\t\t\t\t\t\t\t\t\t\t\t\tOstatní péče,\n\t\t\t\t\t\t\t\t\t\t\t\t</a>\n\t\t\t\t\t\t\t\t\t\t<a href=\"/deti\">...</a>\n\t\t\t\t\t\t\t\t\t</div>\n\t\t\t\t\t\t\t\t</div>\n\t\t\t\t\t\t\t\t<div class=\"product-type\">\n\t\t\t\t\t\t\t\t\t\t<a href=\"/deti/kosmetika-a-koupel\" class=\"product-type-image\">\n\t\t\t\t\t\t\t\t\t\t\t<img data-src=\"https://cdn.kosik.cz/content/category/jpg/menu/95.jpg\" alt=\"Kosmetika a koupel\">\n\t\t\t\t\t\t\t\t\t\t</a>\n\t\t\t\t\t\t\t\t\t<h3>\n\t\t\t\t\t\t\t\t\t\t<a class=\"children\" href=\"/deti/kosmetika-a-koupel\">\n\t\t\t\t\t\t\t\t\t\t\tKosmetika a koupel\n\t\t\t\t\t\t\t\t\t\t</a>\n\t\t\t\t\t\t\t\t\t</h3>\n\n\t\t\t\t\t\t\t\t\t\t\t\t\t\t\t\t\t\t<div class=\"categories-container\">\n\n\t\t\t\t\t\t\t\t\t\t\t\t<a href=\"/deti/kosmetika-a-koupel/detske-kremy-a-mleka\">\n\t\t\t\t\t\t\t\t\t\t\t\t\tDětské krémy a mléka,\n\t\t\t\t\t\t\t\t\t\t\t\t</a>\n\n\t\t\t\t\t\t\t\t\t\t\t\t<a href=\"/deti/kosmetika-a-koupel/detske-oleje\">\n\t\t\t\t\t\t\t\t\t\t\t\t\tDětské oleje,\n\t\t\t\t\t\t\t\t\t\t\t\t</a>\n\n\t\t\t\t\t\t\t\t\t\t\t\t<a href=\"/deti/kosmetika-a-koupel/zasyp\">\n\t\t\t\t\t\t\t\t\t\t\t\t\tZásyp,\n\t\t\t\t\t\t\t\t\t\t\t\t</a>\n\n\n\t\t\t\t\t\t\t\t\t\t\t\t<a href=\"/deti/kosmetika-a-koupel/eco-drogerie\">\n\t\t\t\t\t\t\t\t\t\t\t\t\tEco drogerie,\n\t\t\t\t\t\t\t\t\t\t\t\t</a>\n\n\t\t\t\t\t\t\t\t\t\t\t\t<a href=\"/deti/kosmetika-a-koupel/mydla\">\n\t\t\t\t\t\t\t\t\t\t\t\t\tMýdla,\n\t\t\t\t\t\t\t\t\t\t\t\t</a>\n\t\t\t\t\t\t\t\t\t\t<a href=\"/deti\">...</a>\n\t\t\t\t\t\t\t\t\t</div>\n\t\t\t\t\t\t\t\t</div>\n\t\t\t\t\t\t\t\t<div class=\"product-type\">\n\t\t\t\t\t\t\t\t\t\t<a href=\"/deti/kojenecka-vyziva\" class=\"product-type-image\">\n\t\t\t\t\t\t\t\t\t\t\t<img data-src=\"https://cdn.kosik.cz/content/category/jpg/menu/102.jpg\" alt=\"Kojenecká výživa\">\n\t\t\t\t\t\t\t\t\t\t</a>\n\t\t\t\t\t\t\t\t\t<h3>\n\t\t\t\t\t\t\t\t\t\t<a class=\"children\" href=\"/deti/kojenecka-vyziva\">\n\t\t\t\t\t\t\t\t\t\t\tKojenecká výživa\n\t\t\t\t\t\t\t\t\t\t</a>\n\t\t\t\t\t\t\t\t\t</h3>\n\n\t\t\t\t\t\t\t\t\t\t\t\t\t\t\t\t\t\t<div class=\"categories-container\">\n\n\t\t\t\t\t\t\t\t\t\t\t\t<a href=\"/deti/kojenecka-vyziva/detske-susenky\">\n\t\t\t\t\t\t\t\t\t\t\t\t\tDětské sušenky,\n\t\t\t\t\t\t\t\t\t\t\t\t</a>\n\n\n\t\t\t\t\t\t\t\t\t\t\t\t<a href=\"/deti/kojenecka-vyziva/kojenecke-napoje\">\n\t\t\t\t\t\t\t\t\t\t\t\t\tKojenecké nápoje,\n\t\t\t\t\t\t\t\t\t\t\t\t</a>\n\n\n\t\t\t\t\t\t\t\t\t\t\t\t<a href=\"/deti/kojenecka-vyziva/ovocne-prikrmy\">\n\t\t\t\t\t\t\t\t\t\t\t\t\tOvocné příkrmy,\n\t\t\t\t\t\t\t\t\t\t\t\t</a>\n\t\t\t\t\t\t\t\t\t\t<a href=\"/deti\">...</a>\n\t\t\t\t\t\t\t\t\t</div>\n\t\t\t\t\t\t\t\t</div>\n\t\t\t\t\t\t\t\t<div class=\"product-type\">\n\t\t\t\t\t\t\t\t\t\t<a href=\"/deti/pleny-a-vlhcene-ubrousky\" class=\"product-type-image\">\n\t\t\t\t\t\t\t\t\t\t\t<img data-src=\"https://cdn.kosik.cz/content/category/jpg/menu/262.jpg\" alt=\"Pleny a vlhčené ubrousky\">\n\t\t\t\t\t\t\t\t\t\t</a>\n\t\t\t\t\t\t\t\t\t<h3>\n\t\t\t\t\t\t\t\t\t\t<a class=\"children\" href=\"/deti/pleny-a-vlhcene-ubrousky\">\n\t\t\t\t\t\t\t\t\t\t\tPleny a vlhčené ubrousky\n\t\t\t\t\t\t\t\t\t\t</a>\n\t\t\t\t\t\t\t\t\t</h3>\n\n\t\t\t\t\t\t\t\t\t\t\t\t\t\t\t\t\t\t<div class=\"categories-container\">\n\n\t\t\t\t\t\t\t\t\t\t\t\t<a href=\"/deti/pleny-a-vlhcene-ubrousky/pleny\">\n\t\t\t\t\t\t\t\t\t\t\t\t\tPleny,\n\t\t\t\t\t\t\t\t\t\t\t\t</a>\n\n\t\t\t\t\t\t\t\t\t\t\t\t<a href=\"/deti/pleny-a-vlhcene-ubrousky/vlhcene-ubrousky\">\n\t\t\t\t\t\t\t\t\t\t\t\t\tVlhčené ubrousky,\n\t\t\t\t\t\t\t\t\t\t\t\t</a>\n\n\t\t\t\t\t\t\t\t\t\t<a href=\"/deti\">...</a>\n\t\t\t\t\t\t\t\t\t</div>\n\t\t\t\t\t\t\t\t</div>\n\t\t\t\t\t\t\t\t<div class=\"product-type\">\n\t\t\t\t\t\t\t\t\t\t<a href=\"/deti/hracky-a-hry\" class=\"product-type-image\">\n\t\t\t\t\t\t\t\t\t\t\t<img data-src=\"https://cdn.kosik.cz/content/category/jpg/menu/719.jpg\" alt=\"Hračky a hry\">\n\t\t\t\t\t\t\t\t\t\t</a>\n\t\t\t\t\t\t\t\t\t<h3>\n\t\t\t\t\t\t\t\t\t\t<a class=\"children\" href=\"/deti/hracky-a-hry\">\n\t\t\t\t\t\t\t\t\t\t\tHračky a hry\n\t\t\t\t\t\t\t\t\t\t</a>\n\t\t\t\t\t\t\t\t\t</h3>\n\n\t\t\t\t\t\t\t\t\t\t\t\t\t\t\t\t\t</div>\n\t\t\t\t\t\t\t\t<div class=\"product-type\">\n\t\t\t\t\t\t\t\t\t\t<a href=\"/deti/praci-prostredky\" class=\"product-type-image\">\n\t\t\t\t\t\t\t\t\t\t\t<img data-src=\"https://cdn.kosik.cz/content/category/jpg/menu/808.jpg\" alt=\"Prací prostředky\">\n\t\t\t\t\t\t\t\t\t\t</a>\n\t\t\t\t\t\t\t\t\t<h3>\n\t\t\t\t\t\t\t\t\t\t<a class=\"children\" href=\"/deti/praci-prostredky\">\n\t\t\t\t\t\t\t\t\t\t\tPrací prostředky\n\t\t\t\t\t\t\t\t\t\t</a>\n\t\t\t\t\t\t\t\t\t</h3>\n\n\t\t\t\t\t\t\t\t\t\t\t\t\t\t\t\t\t</div>\n\t\t\t\t\t\t\t</div>\n\t\t\t\t\t\t</div>\n\t\t\t\t\t</div>\n\t\t\t\t</li>\n\t\t\t\t<li class=\"sub with-children\" data-open=\"false\">\n\t\t\t\t\t<a href=\"/mazlicci\" \"=\"\">\n\t\t\t\t\t\tMazlíčci\n\t\t\t\t\t</a>\n\t\t\t\t\t\t<span class=\"category-toggle-sub mobile-small-nav-show\" onclick=\"this.parentNode.classList.toggle('open')\">\n\t\t\t\t\t\t\t<i class=\"fa fa-angle-down\" aria-hidden=\"true\"></i>\n\t\t\t\t\t\t</span>\n\n\n\t\t\t\t\t<div class=\"block block-droped-category\">\n\t\t\t\t\t\t<div class=\"block-droped-category-inner\">\n\t\t\t\t\t\t\t<div class=\"category-product-list\">\n\n\t\t\t\t\t\t\t\t\t\t\t\t\t\t\t\t<div class=\"product-type\">\n\t\t\t\t\t\t\t\t\t\t<a href=\"/mazlicci/vyrobky-pro-psy\" class=\"product-type-image\">\n\t\t\t\t\t\t\t\t\t\t\t<img data-src=\"https://cdn.kosik.cz/content/category/jpg/menu/75.jpg\" alt=\"Výrobky pro psy\">\n\t\t\t\t\t\t\t\t\t\t</a>\n\t\t\t\t\t\t\t\t\t<h3>\n\t\t\t\t\t\t\t\t\t\t<a class=\"children\" href=\"/mazlicci/vyrobky-pro-psy\">\n\t\t\t\t\t\t\t\t\t\t\tVýrobky pro psy\n\t\t\t\t\t\t\t\t\t\t</a>\n\t\t\t\t\t\t\t\t\t</h3>\n\n\t\t\t\t\t\t\t\t\t\t\t\t\t\t\t\t\t\t<div class=\"categories-container\">\n\n\n\t\t\t\t\t\t\t\t\t\t\t\t<a href=\"/mazlicci/vyrobky-pro-psy/granule-a-smesi-pro-psy\">\n\t\t\t\t\t\t\t\t\t\t\t\t\tGranule a směsi pro psy,\n\t\t\t\t\t\t\t\t\t\t\t\t</a>\n\n\t\t\t\t\t\t\t\t\t\t\t\t<a href=\"/mazlicci/vyrobky-pro-psy/kapsicky-pro-psy\">\n\t\t\t\t\t\t\t\t\t\t\t\t\tKapsičky pro psy,\n\t\t\t\t\t\t\t\t\t\t\t\t</a>\n\n\t\t\t\t\t\t\t\t\t\t\t\t<a href=\"/mazlicci/vyrobky-pro-psy/konzervy-pro-psy\">\n\t\t\t\t\t\t\t\t\t\t\t\t\tKonzervy pro psy,\n\t\t\t\t\t\t\t\t\t\t\t\t</a>\n\n\t\t\t\t\t\t\t\t\t\t<a href=\"/mazlicci\">...</a>\n\t\t\t\t\t\t\t\t\t</div>\n\t\t\t\t\t\t\t\t</div>\n\t\t\t\t\t\t\t\t<div class=\"product-type\">\n\t\t\t\t\t\t\t\t\t\t<a href=\"/mazlicci/vyrobky-pro-kocky\" class=\"product-type-image\">\n\t\t\t\t\t\t\t\t\t\t\t<img data-src=\"https://cdn.kosik.cz/content/category/jpg/menu/112.jpg\" alt=\"Výrobky pro kočky\">\n\t\t\t\t\t\t\t\t\t\t</a>\n\t\t\t\t\t\t\t\t\t<h3>\n\t\t\t\t\t\t\t\t\t\t<a class=\"children\" href=\"/mazlicci/vyrobky-pro-kocky\">\n\t\t\t\t\t\t\t\t\t\t\tVýrobky pro kočky\n\t\t\t\t\t\t\t\t\t\t</a>\n\t\t\t\t\t\t\t\t\t</h3>\n\n\t\t\t\t\t\t\t\t\t\t\t\t\t\t\t\t\t\t<div class=\"categories-container\">\n\n\n\t\t\t\t\t\t\t\t\t\t\t\t<a href=\"/mazlicci/vyrobky-pro-kocky/kapsicky-pro-kocky\">\n\t\t\t\t\t\t\t\t\t\t\t\t\tKapsičky pro kočky,\n\t\t\t\t\t\t\t\t\t\t\t\t</a>\n\n\t\t\t\t\t\t\t\t\t\t\t\t<a href=\"/mazlicci/vyrobky-pro-kocky/konzervy-pro-kocky\">\n\t\t\t\t\t\t\t\t\t\t\t\t\tKonzervy pro kočky,\n\t\t\t\t\t\t\t\t\t\t\t\t</a>\n\n\n\t\t\t\t\t\t\t\t\t\t\t\t<a href=\"/mazlicci/vyrobky-pro-kocky/pisek-pro-kocky\">\n\t\t\t\t\t\t\t\t\t\t\t\t\tPísek pro kočky,\n\t\t\t\t\t\t\t\t\t\t\t\t</a>\n\n\t\t\t\t\t\t\t\t\t\t<a href=\"/mazlicci\">...</a>\n\t\t\t\t\t\t\t\t\t</div>\n\t\t\t\t\t\t\t\t</div>\n\t\t\t\t\t\t\t\t<div class=\"product-type\">\n\t\t\t\t\t\t\t\t\t\t<a href=\"/mazlicci/ostatni\" class=\"product-type-image\">\n\t\t\t\t\t\t\t\t\t\t\t<img data-src=\"https://cdn.kosik.cz/content/category/jpg/menu/400.jpg\" alt=\"Ostatní\">\n\t\t\t\t\t\t\t\t\t\t</a>\n\t\t\t\t\t\t\t\t\t<h3>\n\t\t\t\t\t\t\t\t\t\t<a class=\"children\" href=\"/mazlicci/ostatni\">\n\t\t\t\t\t\t\t\t\t\t\tOstatní\n\t\t\t\t\t\t\t\t\t\t</a>\n\t\t\t\t\t\t\t\t\t</h3>\n\n\t\t\t\t\t\t\t\t\t\t\t\t\t\t\t\t\t\t<div class=\"categories-container\">\n\n\n\t\t\t\t\t\t\t\t\t\t\t\t<a href=\"/mazlicci/ostatni/krmivo-pro-ptaky\">\n\t\t\t\t\t\t\t\t\t\t\t\t\tKrmivo pro ptáky,\n\t\t\t\t\t\t\t\t\t\t\t\t</a>\n\n\t\t\t\t\t\t\t\t\t\t\t\t<a href=\"/mazlicci/ostatni/krmivo-pro-rybicky\">\n\t\t\t\t\t\t\t\t\t\t\t\t\tKrmivo pro rybičky,\n\t\t\t\t\t\t\t\t\t\t\t\t</a>\n\t\t\t\t\t\t\t\t\t\t<a href=\"/mazlicci\">...</a>\n\t\t\t\t\t\t\t\t\t</div>\n\t\t\t\t\t\t\t\t</div>\n\t\t\t\t\t\t\t</div>\n\t\t\t\t\t\t</div>\n\t\t\t\t\t</div>\n\t\t\t\t</li>\n\t\t\t\t<li class=\"sub with-children\" data-open=\"false\">\n\t\t\t\t\t<a href=\"/ostatni\" \"=\"\">\n\t\t\t\t\t\tOstatní\n\t\t\t\t\t</a>\n\t\t\t\t\t\t<span class=\"category-toggle-sub mobile-small-nav-show\" onclick=\"this.parentNode.classList.toggle('open')\">\n\t\t\t\t\t\t\t<i class=\"fa fa-angle-down\" aria-hidden=\"true\"></i>\n\t\t\t\t\t\t</span>\n\n\n\t\t\t\t\t<div class=\"block block-droped-category\">\n\t\t\t\t\t\t<div class=\"block-droped-category-inner\">\n\t\t\t\t\t\t\t<div class=\"category-product-list\">\n\n\t\t\t\t\t\t\t\t\t\t\t\t\t\t\t\t<div class=\"product-type\">\n\t\t\t\t\t\t\t\t\t\t<a href=\"/ostatni/kancelar\" class=\"product-type-image\">\n\t\t\t\t\t\t\t\t\t\t\t<img data-src=\"https://cdn.kosik.cz/content/category/jpg/menu/619.jpg\" alt=\"Kancelář\">\n\t\t\t\t\t\t\t\t\t\t</a>\n\t\t\t\t\t\t\t\t\t<h3>\n\t\t\t\t\t\t\t\t\t\t<a class=\"children\" href=\"/ostatni/kancelar\">\n\t\t\t\t\t\t\t\t\t\t\tKancelář\n\t\t\t\t\t\t\t\t\t\t</a>\n\t\t\t\t\t\t\t\t\t</h3>\n\n\t\t\t\t\t\t\t\t\t\t\t\t\t\t\t\t\t\t<div class=\"categories-container\">\n\n\t\t\t\t\t\t\t\t\t\t\t\t<a href=\"/ostatni/kancelar/kancelarske-potreby\">\n\t\t\t\t\t\t\t\t\t\t\t\t\tKancelářské potřeby,\n\t\t\t\t\t\t\t\t\t\t\t\t</a>\n\n\t\t\t\t\t\t\t\t\t\t\t\t<a href=\"/ostatni/kancelar/balici-potreby\">\n\t\t\t\t\t\t\t\t\t\t\t\t\tBalící potřeby,\n\t\t\t\t\t\t\t\t\t\t\t\t</a>\n\n\t\t\t\t\t\t\t\t\t\t\t\t<a href=\"/ostatni/kancelar/kancelarsky-nabytek\">\n\t\t\t\t\t\t\t\t\t\t\t\t\tKancelářský nábytek,\n\t\t\t\t\t\t\t\t\t\t\t\t</a>\n\n\n\n\t\t\t\t\t\t\t\t\t\t<a href=\"/ostatni\">...</a>\n\t\t\t\t\t\t\t\t\t</div>\n\t\t\t\t\t\t\t\t</div>\n\t\t\t\t\t\t\t\t<div class=\"product-type\">\n\t\t\t\t\t\t\t\t\t\t<a href=\"/ostatni/lekarna\" class=\"product-type-image\">\n\t\t\t\t\t\t\t\t\t\t\t<img data-src=\"https://cdn.kosik.cz/content/category/jpg/menu/809.jpg\" alt=\"Lékárna\">\n\t\t\t\t\t\t\t\t\t\t</a>\n\t\t\t\t\t\t\t\t\t<h3>\n\t\t\t\t\t\t\t\t\t\t<a class=\"children\" href=\"/ostatni/lekarna\">\n\t\t\t\t\t\t\t\t\t\t\tLékárna\n\t\t\t\t\t\t\t\t\t\t</a>\n\t\t\t\t\t\t\t\t\t</h3>\n\n\t\t\t\t\t\t\t\t\t\t\t\t\t\t\t\t\t\t<div class=\"categories-container\">\n\n\t\t\t\t\t\t\t\t\t\t\t\t<a href=\"/ostatni/lekarna/doplnky-stravy\">\n\t\t\t\t\t\t\t\t\t\t\t\t\tDoplňky stravy,\n\t\t\t\t\t\t\t\t\t\t\t\t</a>\n\n\t\t\t\t\t\t\t\t\t\t\t\t<a href=\"/ostatni/lekarna/naplasti\">\n\t\t\t\t\t\t\t\t\t\t\t\t\tNáplasti,\n\t\t\t\t\t\t\t\t\t\t\t\t</a>\n\n\n\t\t\t\t\t\t\t\t\t\t\t\t<a href=\"/ostatni/lekarna/ostatni\">\n\t\t\t\t\t\t\t\t\t\t\t\t\tOstatní,\n\t\t\t\t\t\t\t\t\t\t\t\t</a>\n\t\t\t\t\t\t\t\t\t\t<a href=\"/ostatni\">...</a>\n\t\t\t\t\t\t\t\t\t</div>\n\t\t\t\t\t\t\t\t</div>\n\t\t\t\t\t\t\t\t<div class=\"product-type\">\n\t\t\t\t\t\t\t\t\t\t<a href=\"/ostatni/zahrada\" class=\"product-type-image\">\n\t\t\t\t\t\t\t\t\t\t\t<img data-src=\"https://cdn.kosik.cz/content/category/jpg/menu/810.jpg\" alt=\"Zahrada\">\n\t\t\t\t\t\t\t\t\t\t</a>\n\t\t\t\t\t\t\t\t\t<h3>\n\t\t\t\t\t\t\t\t\t\t<a class=\"children\" href=\"/ostatni/zahrada\">\n\t\t\t\t\t\t\t\t\t\t\tZahrada\n\t\t\t\t\t\t\t\t\t\t</a>\n\t\t\t\t\t\t\t\t\t</h3>\n\n\t\t\t\t\t\t\t\t\t\t\t\t\t\t\t\t\t\t<div class=\"categories-container\">\n\n\t\t\t\t\t\t\t\t\t\t\t\t<a href=\"/ostatni/zahrada/substraty\">\n\t\t\t\t\t\t\t\t\t\t\t\t\tSubstráty,\n\t\t\t\t\t\t\t\t\t\t\t\t</a>\n\n\t\t\t\t\t\t\t\t\t\t\t\t<a href=\"/ostatni/zahrada/hnojiva-a-raseliny\">\n\t\t\t\t\t\t\t\t\t\t\t\t\tHnojiva a rašeliny,\n\t\t\t\t\t\t\t\t\t\t\t\t</a>\n\n\t\t\t\t\t\t\t\t\t\t\t\t<a href=\"/ostatni/zahrada/semena\">\n\t\t\t\t\t\t\t\t\t\t\t\t\tSemena,\n\t\t\t\t\t\t\t\t\t\t\t\t</a>\n\n\t\t\t\t\t\t\t\t\t\t\t\t<a href=\"/ostatni/zahrada/ochrana-rostlin\">\n\t\t\t\t\t\t\t\t\t\t\t\t\tOchrana rostlin,\n\t\t\t\t\t\t\t\t\t\t\t\t</a>\n\n\t\t\t\t\t\t\t\t\t\t\t\t<a href=\"/ostatni/zahrada/doplnky\">\n\t\t\t\t\t\t\t\t\t\t\t\t\tDoplňky,\n\t\t\t\t\t\t\t\t\t\t\t\t</a>\n\t\t\t\t\t\t\t\t\t\t<a href=\"/ostatni\">...</a>\n\t\t\t\t\t\t\t\t\t</div>\n\t\t\t\t\t\t\t\t</div>\n\t\t\t\t\t\t\t\t<div class=\"product-type\">\n\t\t\t\t\t\t\t\t\t\t<a href=\"/ostatni/fitness\" class=\"product-type-image\">\n\t\t\t\t\t\t\t\t\t\t\t<img data-src=\"https://cdn.kosik.cz/content/category/jpg/menu/820.jpg\" alt=\"Fitness\">\n\t\t\t\t\t\t\t\t\t\t</a>\n\t\t\t\t\t\t\t\t\t<h3>\n\t\t\t\t\t\t\t\t\t\t<a class=\"children\" href=\"/ostatni/fitness\">\n\t\t\t\t\t\t\t\t\t\t\tFitness\n\t\t\t\t\t\t\t\t\t\t</a>\n\t\t\t\t\t\t\t\t\t</h3>\n\n\t\t\t\t\t\t\t\t\t\t\t\t\t\t\t\t\t\t<div class=\"categories-container\">\n\n\t\t\t\t\t\t\t\t\t\t\t\t<a href=\"/ostatni/fitness/sportovni-vyziva\">\n\t\t\t\t\t\t\t\t\t\t\t\t\tSportovní výživa,\n\t\t\t\t\t\t\t\t\t\t\t\t</a>\n\t\t\t\t\t\t\t\t\t\t<a href=\"/ostatni\">...</a>\n\t\t\t\t\t\t\t\t\t</div>\n\t\t\t\t\t\t\t\t</div>\n\t\t\t\t\t\t\t\t<div class=\"product-type\">\n\t\t\t\t\t\t\t\t\t\t<a href=\"/ostatni/domacnost\" class=\"product-type-image\">\n\t\t\t\t\t\t\t\t\t\t\t<img data-src=\"https://cdn.kosik.cz/content/category/jpg/menu/871.jpg\" alt=\"Domácnost\">\n\t\t\t\t\t\t\t\t\t\t</a>\n\t\t\t\t\t\t\t\t\t<h3>\n\t\t\t\t\t\t\t\t\t\t<a class=\"children\" href=\"/ostatni/domacnost\">\n\t\t\t\t\t\t\t\t\t\t\tDomácnost\n\t\t\t\t\t\t\t\t\t\t</a>\n\t\t\t\t\t\t\t\t\t</h3>\n\n\t\t\t\t\t\t\t\t\t\t\t\t\t\t\t\t\t</div>\n\t\t\t\t\t\t\t\t<div class=\"product-type\">\n\t\t\t\t\t\t\t\t\t\t<a href=\"/ostatni/velikonoce\" class=\"product-type-image\">\n\t\t\t\t\t\t\t\t\t\t\t<img data-src=\"https://cdn.kosik.cz/content/category/jpg/menu/879.jpg\" alt=\"Velikonoce\">\n\t\t\t\t\t\t\t\t\t\t</a>\n\t\t\t\t\t\t\t\t\t<h3>\n\t\t\t\t\t\t\t\t\t\t<a class=\"children\" href=\"/ostatni/velikonoce\">\n\t\t\t\t\t\t\t\t\t\t\tVelikonoce\n\t\t\t\t\t\t\t\t\t\t</a>\n\t\t\t\t\t\t\t\t\t</h3>\n\n\t\t\t\t\t\t\t\t\t\t\t\t\t\t\t\t\t</div>\n\t\t\t\t\t\t\t\t<div class=\"product-type\">\n\t\t\t\t\t\t\t\t\t\t<a href=\"/ostatni/trafika\" class=\"product-type-image\">\n\t\t\t\t\t\t\t\t\t\t\t<img data-src=\"https://cdn.kosik.cz/content/category/jpg/menu/393.jpg\" alt=\"Trafika\">\n\t\t\t\t\t\t\t\t\t\t</a>\n\t\t\t\t\t\t\t\t\t<h3>\n\t\t\t\t\t\t\t\t\t\t<a class=\"children\" href=\"/ostatni/trafika\">\n\t\t\t\t\t\t\t\t\t\t\tTrafika\n\t\t\t\t\t\t\t\t\t\t</a>\n\t\t\t\t\t\t\t\t\t</h3>\n\n\t\t\t\t\t\t\t\t\t\t\t\t\t\t\t\t\t</div>\n\t\t\t\t\t\t\t</div>\n\t\t\t\t\t\t</div>\n\t\t\t\t\t</div>\n\t\t\t\t</li>\n\n\t\t</ul>\n\t</div>\n</div>\n\t\t\t\t\t\t<div class=\"region region-delivery-cart\" id=\"fixed-menu\">\n\t\t\t\t\t\t\t<div class=\"region-inner region-delivery-cart-inner\">\n\t\t\t\t\t\t\t\t<div id=\"snippet--orderSlotPreviewArea\">\n<script>\n    $(document).ready(function(){\n        var nearest = $('.block-nearest-delivery');\n\n        if(nearest.hasClass('unloaded')){\n            $.nette.ajax(\"\\/?do=orderSlotPreview-load\").done(function(){\n                nearest.removeClass('unloaded')\n            });\n        }\n    })\n</script>\n<div class=\"block block-nearest-delivery\" id=\"snippet-orderSlotPreview-slots\">        <span class=\"prevNote\">Zobrazujeme nabídku v</span>\n        <div class=\"choose-city-box\">\n            <label class=\"current-city\" for=\"current-city\">\n                Praze a Středních Čechách\n            </label>\n\n            <ul class=\"choose-city-list\">\n                <li>\n                    <a class=\"ajax\" href=\"/?orderSlotPreview-location=1&amp;do=orderSlotPreview-chooseCity\">\n                        Praze a Středních Čechách\n                    </a>\n                </li>\n                <li>\n                    <a class=\"ajax\" href=\"/?orderSlotPreview-location=2&amp;do=orderSlotPreview-chooseCity\">\n                        Plzni\n                    </a>\n                </li>\n                <li>\n                    <a class=\"ajax\" href=\"/?orderSlotPreview-location=3&amp;do=orderSlotPreview-chooseCity\">\n                        Liberci a Jablonci\n                    </a>\n                </li>\n                <li>\n                    <a class=\"ajax\" href=\"/?orderSlotPreview-location=4&amp;do=orderSlotPreview-chooseCity\">\n                        Ústí nad Labem a Teplicích\n                    </a>\n                </li>\n                <li>\n                    <a class=\"ajax\" href=\"/?orderSlotPreview-location=7&amp;do=orderSlotPreview-chooseCity\">\n                        Mostě a Chomutově\n                    </a>\n                </li>\n                <li>\n                    <a class=\"ajax\" href=\"/?orderSlotPreview-location=8&amp;do=orderSlotPreview-chooseCity\">\n                        Brně a okolí\n                    </a>\n                </li>\n                <li>\n                    <a class=\"ajax\" href=\"/?orderSlotPreview-location=9&amp;do=orderSlotPreview-chooseCity\">\n                        Olomouci, Přerově a Prostějově\n                    </a>\n                </li>\n                <li>\n                    <a class=\"ajax\" href=\"/?orderSlotPreview-location=10&amp;do=orderSlotPreview-chooseCity\">\n                        Ostravě a okolí\n                    </a>\n                </li>\n                <li>\n                    <a class=\"ajax\" href=\"/?orderSlotPreview-location=11&amp;do=orderSlotPreview-chooseCity\">\n                        Pardubicích a Chrudimi\n                    </a>\n                </li>\n                <li>\n                    <a class=\"ajax\" href=\"/?orderSlotPreview-location=12&amp;do=orderSlotPreview-chooseCity\">\n                        Hradci Králové\n                    </a>\n                </li>\n            </ul>\n        </div>\n        <span class=\"suffixNote\">Nejbližší termín dodání je <strong>dnes</strong> v <strong class=\"text-green\">11:00 - 12:00</strong>.</span>\n        <a href=\"/informace-o-rozvozu-a-cenach\" class=\"nearest-delivery-info\">Ceny a dostupnost</a>\n        <a href=\"/informace-o-rozvozu-a-cenach\" class=\"nearest-delivery-info-mobile\">Informace o cenách a dostupnosti rozvozu</a>\n</div>\n\t\t\t\t\t\t\t\t</div>\n\n\t\t\t\t\t\t\t\t<div class=\"block-cart-dropdown\" id=\"snippet--cartPreview\">\n<div class=\"cart-fixing-box\">\n\t<a href=\"javaScript:void(0);\" onclick=\"fixing.openBox(&quot;\\/?do=cartPreview-showCart&quot;)\" id=\"cart-open-button\">\n\t\t<i class=\"fa fa-angle-down\"></i>\n\t\t<p class=\"units-in-cart\">\n\t\t\t<span class=\"show-cart-text\" data-visible=\"Obchod\" data-hide=\"Zobrazit\">\n\t\t\t\t\tZobrazit\n\t\t\t</span>\n\t\t\t<span class=\"total-items-incart\" id=\"snippet-cartPreview-totalItems\">0</span>\n\t\t</p>\n\t</a>\n\t\t<a class=\"open-cart button-simple button-red blur-modal-overlay kosik-modal-open\" data-target=\"login-modal\">\n\t\t\tPokladna\n\t\t</a>\n\t<p class=\"cart-price button-simple button-green\" id=\"snippet-cartPreview-totalPriceArea\">\n\t\t<strong class=\"price\">0,00 Kč</strong>\n\t</p>\n</div>\n<div class=\"cart-box fixed-top\" id=\"cart-detail-preview\" style=\"height: 400px;\">\n<div id=\"snippet-cartPreview-cartBox\"><div id=\"snippet-cartPreview-detail-\">\t<div class=\"cart-item-list-overlay\">\n\t\t<div id=\"cart-items-list\" class=\"cart-items-list min\" style=\"height: 336px;\">\n\t\t\t<div class=\"cart-items-scroller\">\n\t\t\t\t<div class=\"cart-is-empty\">\n\t\t\t\t\tKošík máte prázdný,<br>vraťte se <a href=\"javascript:void(0);\" onclick=\"fixing.openBox('\\/?do=cartPreview-showCart')\">do obchodu</a>.\n\t\t\t\t</div>\n\t\t\t</div>\n\t\t</div>\n<div id=\"snippet-cartPreview-detail-finalPrice\">\t\t\t\t<div class=\"make-order\" id=\"make-order-button\">\n\t\t\t\t\t<div class=\"cart-minimal\">\n\t\t\t\t\t\t<p>\n\t\t\t\t\t\t\t\tMinimální cena objednávky je <b class=\"no-break\"><strong class=\"price\">500,00 Kč</strong></b>\n\t\t\t\t\t\t\t\t<br>\n\t\t\t\t\t\t\t\tPřidejte zboží ještě alespoň za <em class=\"no-break\"><strong class=\"price\">500,00 Kč</strong></em>\n\t\t\t\t\t\t</p>\n\t\t\t\t\t</div>\n\t\t\t\t\t<a class=\"button button-red\" href=\"/objednavka/rekapitulace\">\n\t\t\t\t\t\tKoupit za  0 Kč\n\t\t\t\t\t</a>\n\t\t\t\t</div>\n\t\t\t<script>\n\t\t\t\t$(document).ready(function(){\n\t\t\t\t\t$('.cart-control-delete, .cart-item-delete').click(function(){\n\t\t\t\t\t\t$(this).closest('li').addClass('hidden-product');\n\t\t\t\t\t});\n\t\t\t\t});\n\t\t\t</script>\n</div>\t</div>\n\t<script async=\"\">\n\t\tbasic.documentReady(function () {\n\n\t\t\tif (window.innerWidth > 1024) {\n\t\t\t\t$('#delete-cart-items').on('click', function (e) {\n\t\t\t\t\tvar message = confirm('Opravdu chcete vyprázdnit váš košík?')\n\n\t\t\t\t\tif (!message)\n\t\t\t\t\t\te.preventDefault();\n\t\t\t\t\telse\n\t\t\t\t\t\t$.nette.ajax(this.dataset.href);\n\t\t\t\t});\n\t\t\t}\n\t\t});\n\t</script>\n</div></div></div>\n<script async=\"\">\n\tbasic.documentReady(function(){\n\t\tfixing.init();\n\t});\n\n\t$(document).ajaxComplete(function(){\n\t\tfixing.reinitElements(true);\n\t});\n</script>\n\t\t\t\t\t\t\t\t</div>\n\t\t\t\t\t\t\t</div>\n\t\t\t\t\t\t</div>\n<div id=\"snippet-pASystem-\"></div>\t\t\t\t\t</div>\n\n\t\t\t\t\t<div class=\"region region-breadcrumb\">\n\t\t\t\t\t\t<div class=\"region-inner region-breadcrumb-inner\">\n\t\t\t\t\t\t</div>\n\t\t\t\t\t</div>\n\n\t\t\t\t</div>\n\t\t\t</div>\n\t\t</header>\n\n\t\t<div class=\"mainOuter\">\n\t\t\t<script type=\"text/javascript\">\n\t$(document).ready(function () {\n\t\textension.slider.init();\n\t});\n</script>\n<div class=\"region region-homepage-slider\">\n\t<div id=\"kosik-slider\" data-url=\"/?do=slider-loadSlides\">\n\t<ul class=\"kosik-slides\" style=\"height: 199px;\"><li class=\"active\"><a href=\"https://www.kosik.cz/vitejte\"><img src=\"https://cdn.kosik.cz/content/slide/jpg/default/176.jpg\" class=\"kosik-slides-img\"></a></li><li><a href=\"https://www.kosik.cz/vitejte\"><img src=\"https://cdn.kosik.cz/content/slide/jpg/default/157.jpg\" class=\"kosik-slides-img\"></a></li><li><a href=\"https://www.kosik.cz/hledat?q=akcelucozade\"><img src=\"https://cdn.kosik.cz/content/slide/jpg/default/179.jpg\" class=\"kosik-slides-img\"></a></li><li><a href=\"https://www.kosik.cz/hledat?q=ostrovecakce\"><img src=\"https://cdn.kosik.cz/content/slide/jpg/default/174.jpg\" class=\"kosik-slides-img\"></a></li><li><a href=\"https://www.kosik.cz/hledat?q=kingswood\"><img src=\"https://cdn.kosik.cz/content/slide/jpg/default/173.jpg\" class=\"kosik-slides-img\"></a></li></ul><div class=\"kosik-slide-pagination-wrapper\"><ul class=\"kosik-slide-pagination\"><li class=\"active\" data-position=\"1\" data-title=\"Váš první nákup\"><a href=\"https://www.kosik.cz/vitejte\">Váš první nákup</a></li><li data-position=\"2\" data-title=\"Nové rozvozové lokality\"><a href=\"https://www.kosik.cz/vitejte\">Nové rozvozové lokality</a></li><li data-position=\"3\" data-title=\"Akce LUCOZADE 3+1\"><a href=\"https://www.kosik.cz/hledat?q=akcelucozade\">Akce LUCOZADE 3+1</a></li><li data-position=\"4\" data-title=\"Víno Ostrovec 2+1\"><a href=\"https://www.kosik.cz/hledat?q=ostrovecakce\">Víno Ostrovec 2+1</a></li><li data-position=\"5\" data-title=\"Kingswood\"><a href=\"https://www.kosik.cz/hledat?q=kingswood\">Kingswood</a></li></ul></div><div class=\"kosik-slide-loading\"><div style=\"width: 1.6%;\"></div></div></div>\n</div>\n<div class=\"zone-wrapper zone-header-image-mobile clearfix slick-initialized slick-slider\"><button type=\"button\" data-role=\"none\" class=\"slick-prev slick-arrow\" aria-label=\"Previous\" role=\"button\" style=\"display: block;\">Previous</button>\n\t\t<div aria-live=\"polite\" class=\"slick-list draggable\"><div class=\"slick-track\" style=\"opacity: 1; width: 0px; transform: translate3d(0px, 0px, 0px);\" role=\"listbox\"><a href=\"https://www.kosik.cz/hledat?q=kingswood\" class=\"slick-slide slick-cloned\" data-slick-index=\"-1\" aria-hidden=\"true\" style=\"width: 0px;\" tabindex=\"-1\"><img src=\"https://cdn.kosik.cz/content/slide-mobile/jpg/default/173.jpg\" title=\"Kingswood\"></a><a href=\"https://www.kosik.cz/vitejte\" class=\"slick-slide slick-current slick-active\" data-slick-index=\"0\" aria-hidden=\"false\" style=\"width: 0px;\" tabindex=\"-1\" role=\"option\" aria-describedby=\"slick-slide30\"><img src=\"https://cdn.kosik.cz/content/slide-mobile/jpg/default/176.jpg\" title=\"Váš první nákup\"></a><a href=\"https://www.kosik.cz/vitejte\" class=\"slick-slide\" data-slick-index=\"1\" aria-hidden=\"true\" style=\"width: 0px;\" tabindex=\"-1\" role=\"option\" aria-describedby=\"slick-slide31\"><img src=\"https://cdn.kosik.cz/content/slide-mobile/jpg/default/157.jpg\" title=\"Nové rozvozové lokality\"></a><a href=\"https://www.kosik.cz/hledat?q=akcelucozade\" class=\"slick-slide\" data-slick-index=\"2\" aria-hidden=\"true\" style=\"width: 0px;\" tabindex=\"-1\" role=\"option\" aria-describedby=\"slick-slide32\"><img src=\"https://cdn.kosik.cz/content/slide-mobile/jpg/default/179.jpg\" title=\"Akce LUCOZADE 3+1\"></a><a href=\"https://www.kosik.cz/hledat?q=ostrovecakce\" class=\"slick-slide\" data-slick-index=\"3\" aria-hidden=\"true\" style=\"width: 0px;\" tabindex=\"-1\" role=\"option\" aria-describedby=\"slick-slide33\"><img src=\"https://cdn.kosik.cz/content/slide-mobile/jpg/default/174.jpg\" title=\"Víno Ostrovec 2+1\"></a><a href=\"https://www.kosik.cz/hledat?q=kingswood\" class=\"slick-slide\" data-slick-index=\"4\" aria-hidden=\"true\" style=\"width: 0px;\" tabindex=\"-1\" role=\"option\" aria-describedby=\"slick-slide34\"><img src=\"https://cdn.kosik.cz/content/slide-mobile/jpg/default/173.jpg\" title=\"Kingswood\"></a><a href=\"https://www.kosik.cz/vitejte\" class=\"slick-slide slick-cloned\" data-slick-index=\"5\" aria-hidden=\"true\" style=\"width: 0px;\" tabindex=\"-1\"><img src=\"https://cdn.kosik.cz/content/slide-mobile/jpg/default/176.jpg\" title=\"Váš první nákup\"></a></div></div>\n\t\t\n\t\t\n\t\t\n\t\t\n<button type=\"button\" data-role=\"none\" class=\"slick-next slick-arrow\" aria-label=\"Next\" role=\"button\" style=\"display: block;\">Next</button></div>\n\n<script type=\"text/javascript\">\n\t$(document).ready(function () {\n\t\t$('.zone-header-image-mobile').slick({\n\t\t\tdots: false,\n\t\t\tinfinite: true,\n\t\t\tslidesToShow: 1,\n\t\t\tspeed: 300\n\t\t});\n\t});\n</script>\n\n\t\t</div>\n\n\t\t<div class=\"zone-wrapper zone-main-wrapper clearfix\">\n<style>\n\t.hp-brand-carousel-title{\n\t\tdisplay: block !important;\n\t}\n</style>\n\t<div class=\"zone zone-main zone-homepage clearfix\">\n\n\t\t<div class=\"region region-third region-first-delivery-gift\">\n\t\t\t<div class=\"region-inner\">\n\t\t\t\t<div class=\"block block-first\">\n\t\t\t\t\t<h4>Nakupujete poprvé?</h4>\n\t\t\t\t\t<span>Všechny informace<br>na jednom místě</span>\n\t\t\t\t\t<a class=\"button-simple button-white\" href=\"/vitejte\">PRVNÍ NÁKUP</a>\n\t\t\t\t\t<img class=\"customer-recomendation\" src=\"svg/customer-recomendation.svg\" alt=\"Zákazníci doporučují\">\n\t\t\t\t</div>\n\n<div class=\"block element-delivery-box block-finder\">\n\t<div class=\"element-delivery-box\">\n\t\t<h4>Kam vám nákup dovezeme?</h4>\n\t\t<span>Zadejte PSČ pro ověření dostupnosti služby <br>na vaší adrese</span>\n<div id=\"snippet-checkDeliveryAreaBlock-deliverabilityBlock\">\t\t\t<form action=\"/\" method=\"post\" class=\"ajax\" id=\"frm-checkDeliveryAreaBlock-checkDeliveryAreaBlockForm\">\n\t\t\t\t<div class=\"element-delivery-finder\">\n\t\t\t\t\t<div class=\"element-delivery-suggester\" id=\"snippet-geoCoding-suggester\">\n\t\t\t\t\t\t<input type=\"text\" name=\"location\" placeholder=\"Zadejte PSČ\" id=\"frm-checkDeliveryAreaBlock-checkDeliveryAreaBlockForm-location\">\n\t\t\t\t\t</div>\n\t\t\t\t\t<div class=\"\" id=\"snippet-geoCoding-button\">\n\t\t\t\t\t\t<input type=\"submit\" name=\"send\" value=\"Ověřit\" class=\"button-verify button-simple button-white\">\n\t\t\t\t\t</div>\n\t\t\t\t</div>\n\t\t\t\t<div class=\"element-delivey-message\">\n\t\t\t\t</div>\n\t\t\t\t<div class=\"element-delivery-result\" id=\"snippet-geoCoding-result\">\n\t\t\t\t</div>\n\t\t\t<input type=\"hidden\" name=\"do\" value=\"checkDeliveryAreaBlock-checkDeliveryAreaBlockForm-submit\"><!--[if IE]><input type=IEbug disabled style=\"display:none\"><![endif]-->\n</form>\n\n</div>\t</div>\n</div>\n\n\t\t\t\t<div class=\"block block-gift\">\n\t\t\t\t\t<h4>Dárek na první nákup</h4>\n\t\t\t\t\t<span>Registrujte se hned teď a využijte dopravu zdarma na váš první nákup</span>\n\t\t\t\t\t\t<a data-target=\"login-modal\" class=\"log-in blur-modal-overlay kosik-modal-open button-simple button-white\">REGISTROVAT</a>\n\n\t\t\t\t\t\t\t\t\t\t<div class=\"skew-delivery\"><img src=\"svg/skew-free-delivery.svg\"></div>\n\n\t\t\t\t</div>\n\t\t\t</div>\n\n\t\t</div>\n\n\t\t<div class=\"region region-thematic-week\" style=\"background: url('/css/images/tmp/wine/thematic-week-bg.png') repeat; margin-bottom: 40px;\">\n\t\t\t<div class=\"region-inner\">\n\t\t\t\t<div class=\"block block-product product-item\">\n\t\t\t\t\t<div class=\"product-bg\">\n\t\t\t\t\t\t<div class=\"product-item-image\">\n\t\t\t\t\t\t\t<a data-href=\"/?id=30695&amp;do=modal\" data-target=\"farm-productModal\" onclick=\"kosikAjax.click(this)\" class=\"product-name modal-link\">\n\t\t\t\t\t\t\t\t<img src=\"/css/images/tmp/wine/week-theme-product-left.png\" alt=\"Vinařství Konečný Hibernal pozdní sběr\">\n\t\t\t\t\t\t\t</a>\n\t\t\t\t\t\t</div>\n\t\t\t\t\t\t<div class=\"product-item-info\">\n\t\t\t\t\t\t\t<a data-href=\"/?id=30695&amp;do=modal\" data-target=\"farm-productModal\" onclick=\"kosikAjax.click(this)\" class=\"product-name modal-link\">\n\t\t\t\t\t\t\t\tVinařství Konečný Hibernal pozdní sběr\n\t\t\t\t\t\t\t</a>\n\t\t\t\t\t\t\t<p class=\"product-item-price\">\n\t\t\t\t\t\t\t\t<strong class=\"price\">234,90 Kč</strong>\n\t\t\t\t\t\t\t</p>\n\t\t\t\t\t\t\t<div id=\"snippet-productList-buy-30695-quantity\">\n\t\t\t\t\t\t\t\t<div class=\"product-quantity-control\">\n\t\t\t\t\t\t\t\t\t<form action=\"/hledat?q=Biofarma+DoRa\" method=\"post\" class=\"ajax\" id=\"frm-productList-buy-30695-quantityForm\">\n\t\t\t\t\t\t\t\t\t\t<input type=\"text\" name=\"quantity\" size=\"3\" id=\"frm-productList-buy-30695-quantityForm-quantity\" data-nette-rules=\"\" value=\"1\">\n\t\t\t\t\t\t\t\t\t\t<input type=\"submit\" name=\"_submit\" value=\"Přidat\" class=\"product-quantity-control-submit plus\">\n\t\t\t\t\t\t\t\t\t\t<input type=\"hidden\" name=\"do\" value=\"productList-buy-30695-quantityForm-submit\"><!--[if IE]><input type=IEbug disabled style=\"display:none\"><![endif]-->\n\t\t\t\t\t\t\t\t\t</form>\n\t\t\t\t\t\t\t\t</div>\n\t\t\t\t\t\t\t</div>\n\t\t\t\t\t\t</div>\n\t\t\t\t\t</div>\n\t\t\t\t</div>\n\t\t\t\t<div class=\"white-separator\"></div>\n\t\t\t\t<div class=\"block block-product product-item\">\n\t\t\t\t\t<div class=\"product-bg\">\n\t\t\t\t\t\t<div class=\"product-item-image\">\n\t\t\t\t\t\t\t<a data-href=\"/?id=30697&amp;do=modal\" data-target=\"farm-productModal\" onclick=\"kosikAjax.click(this)\" class=\"product-name modal-link\">\n\t\t\t\t\t\t\t\t<img src=\"/css/images/tmp/wine/week-theme-product-right.png\" alt=\"Vinařství Bunža Neuburské 2015\" class=\"loading-images loading-image\">\n\t\t\t\t\t\t\t</a>\n\t\t\t\t\t\t</div>\n\t\t\t\t\t\t<div class=\"product-item-info\">\n\t\t\t\t\t\t\t<a data-href=\"/?id=30697&amp;do=modal\" data-target=\"farm-productModal\" onclick=\"kosikAjax.click(this)\" class=\"product-name modal-link\">\n\t\t\t\t\t\t\t\tVinařství Bunža Neuburské 2015\n\t\t\t\t\t\t\t</a>\n\t\t\t\t\t\t\t<p class=\"product-item-price\">\n\t\t\t\t\t\t\t\t<strong class=\"price\">199,90 Kč</strong>\n\t\t\t\t\t\t\t</p>\n\t\t\t\t\t\t\t<div id=\"snippet-productList-buy-30697-quantity\">\n\t\t\t\t\t\t\t\t<div class=\"product-quantity-control\">\n\t\t\t\t\t\t\t\t\t<form action=\"/\" method=\"post\" class=\"ajax\" id=\"frm-productWidget-widgetCarousel-1novinky-buy-30697-quantityForm\">\n                                        \t\t\t\t\t\t\t\t\t\t<input type=\"text\" name=\"quantity\" size=\"3\" id=\"frm-productWidget-widgetCarousel-1novinky-buy-30697-quantityForm-quantity\" value=\"1\" tabindex=\"0\">\n\t\t\t\t\t\t\t\t\t\t<input type=\"submit\" name=\"_submit\" value=\"Přidat\" class=\"product-quantity-control-submit plus\" tabindex=\"0\">\n\t\t\t\t\t\t\t\t\t\t<input type=\"hidden\" name=\"do\" value=\"productWidget-widgetCarousel-1novinky-buy-30697-quantityForm-submit\" tabindex=\"0\"><!--[if IE]><input type=IEbug disabled style=\"display:none\"><![endif]-->\n\t\t\t\t\t\t\t\t\t</form>\n\t\t\t\t\t\t\t\t</div>\n\t\t\t\t\t\t\t</div>\n\t\t\t\t\t\t</div>\n\t\t\t\t\t</div>\n\t\t\t\t</div>\n\t\t\t\t<div class=\"white-separator\"></div>\n\t\t\t\t<div class=\"block block-theme\">\n\t\t\t\t\t<span class=\"theme-name\">Vinný speciál</span>\n\t\t\t\t\t<div class=\"theme-description\">\n\t\t\t\t\t\t<span class=\"multiple-line-space\">\n\t\t\t\t\t\t\t<span>Naleštěte skleničky a připravte vývrtky, náš Vinný speciál z vás udělá zkušené degustátory!</span>\n\t\t\t\t\t\t</span>\n\t\t\t\t\t</div>\n\t\t\t\t\t<img class=\"thematic-week-image\" src=\"/css/images/tmp/wine/thematic-week-image.png\">\n\t\t\t\t\t<a class=\"button-simple button-red button-smaller\" href=\"/specialni-nabidka/vinny-special\">Prohlédnout</a>\n\t\t\t\t</div>\n\t\t\t</div>\n\t\t</div>\n\n\t\t<div class=\"region region-half region-loyalty-week-offer clearfix\">\n\t\t\t<div class=\"region-inner\">\n\t\t\t\t<div class=\"block\">\n\t\t\t\t\t<div class=\"loyalty-carousel slick-initialized slick-slider slick-dotted\" role=\"toolbar\"><button type=\"button\" data-role=\"none\" class=\"slick-prev slick-arrow\" aria-label=\"Previous\" role=\"button\" style=\"display: inline-block;\">Previous</button>\n\t\t\t\t\t\t<div aria-live=\"polite\" class=\"slick-list draggable\"><div class=\"slick-track\" style=\"opacity: 1; width: 4512px; transform: translate3d(-752px, 0px, 0px);\" role=\"listbox\"><div class=\"loyalty-offer slick-slide slick-cloned\" data-slick-index=\"-1\" aria-hidden=\"true\" style=\"width: 752px;\" tabindex=\"-1\">\n\t\t\t\t\t\t\t<div class=\"offer-content\">\n\t\t\t\t\t\t\t\t<h4>Věrnostní program</h4>\n\t\t\t\t\t\t\t\t<div class=\"offer-text\">\n\t\t\t\t\t\t\t\t\tGerlichovo loutkové divadlo<br>\n\t\t\t\t\t\t\t\t\t<strong>za senzačních <span class=\"text-red\">1 459&nbsp;Kč</span></strong>\n\t\t\t\t\t\t\t\t\t<p><small>(původní cena 2 000 Kč)</small></p>\n\t\t\t\t\t\t\t\t</div>\n\t\t\t\t\t\t\t\t<a class=\"button-simple button-red\" href=\"/vernostni-program\" tabindex=\"-1\">Do programu</a>\n\t\t\t\t\t\t\t</div>\n\t\t\t\t\t\t\t<img src=\"/css/images/loyalty/divadlo.png\" class=\"offer-image\">\n\t\t\t\t\t\t</div><div class=\"loyalty-offer slick-slide slick-current slick-active\" data-slick-index=\"0\" aria-hidden=\"false\" style=\"width: 752px;\" tabindex=\"-1\" role=\"option\" aria-describedby=\"slick-slide40\">\n\t\t\t\t\t\t\t<div class=\"offer-content\">\n\t\t\t\t\t\t\t\t<h4>Věrnostní program</h4>\n\t\t\t\t\t\t\t\t<div class=\"offer-text\">\n\t\t\t\t\t\t\t\t\tkniha Ochutnejte Českou republiku<br>\n\t\t\t\t\t\t\t\t\t<strong>za senzačních <span class=\"text-red\">175 Kč</span></strong>\n\t\t\t\t\t\t\t\t\t<p><small>(původní cena 269 Kč)</small></p>\n\t\t\t\t\t\t\t\t</div>\n\t\t\t\t\t\t\t\t<a class=\"button-simple button-red\" href=\"/vernostni-program\" tabindex=\"0\">Do programu</a>\n\t\t\t\t\t\t\t</div>\n\t\t\t\t\t\t\t<img src=\"/css/images/loyalty/knizka.png\" class=\"offer-image\">\n\t\t\t\t\t\t</div><div class=\"loyalty-offer slick-slide\" data-slick-index=\"1\" aria-hidden=\"true\" style=\"width: 752px;\" tabindex=\"-1\" role=\"option\" aria-describedby=\"slick-slide41\">\n\t\t\t\t\t\t\t<div class=\"offer-content\">\n\t\t\t\t\t\t\t\t<h4>Věrnostní program</h4>\n\t\t\t\t\t\t\t\t<div class=\"offer-text\">\n\t\t\t\t\t\t\t\t\tAlbi Bang! Duel<br>\n\t\t\t\t\t\t\t\t\t<strong>za senzačních <span class=\"text-red\">218&nbsp;Kč</span></strong>\n\t\t\t\t\t\t\t\t\t<p><small>(původní cena 499 Kč)</small></p>\n\t\t\t\t\t\t\t\t</div>\n\t\t\t\t\t\t\t\t<a class=\"button-simple button-red\" href=\"/vernostni-program\" tabindex=\"-1\">Do programu</a>\n\t\t\t\t\t\t\t</div>\n\t\t\t\t\t\t\t<img src=\"/css/images/loyalty/bang.png\" class=\"offer-image\">\n\t\t\t\t\t\t</div><div class=\"loyalty-offer slick-slide\" data-slick-index=\"2\" aria-hidden=\"true\" style=\"width: 752px;\" tabindex=\"-1\" role=\"option\" aria-describedby=\"slick-slide42\">\n\t\t\t\t\t\t\t<div class=\"offer-content\">\n\t\t\t\t\t\t\t\t<h4>Věrnostní program</h4>\n\t\t\t\t\t\t\t\t<div class=\"offer-text\">\n\t\t\t\t\t\t\t\t\t100 nejznámějších pohádek pro unavené rodiče<br>\n\t\t\t\t\t\t\t\t\t<strong>za senzačních <span class=\"text-red\">162 Kč</span></strong>\n\t\t\t\t\t\t\t\t\t<p><small>(původní cena 249 Kč)</small></p>\n\t\t\t\t\t\t\t\t</div>\n\t\t\t\t\t\t\t\t<a class=\"button-simple button-red\" href=\"/vernostni-program\" tabindex=\"-1\">Do programu</a>\n\t\t\t\t\t\t\t</div>\n\t\t\t\t\t\t\t<img src=\"/css/images/loyalty/pohadky.png\" class=\"offer-image\">\n\t\t\t\t\t\t</div><div class=\"loyalty-offer slick-slide\" data-slick-index=\"3\" aria-hidden=\"true\" style=\"width: 752px;\" tabindex=\"-1\" role=\"option\" aria-describedby=\"slick-slide43\">\n\t\t\t\t\t\t\t<div class=\"offer-content\">\n\t\t\t\t\t\t\t\t<h4>Věrnostní program</h4>\n\t\t\t\t\t\t\t\t<div class=\"offer-text\">\n\t\t\t\t\t\t\t\t\tGerlichovo loutkové divadlo<br>\n\t\t\t\t\t\t\t\t\t<strong>za senzačních <span class=\"text-red\">1 459&nbsp;Kč</span></strong>\n\t\t\t\t\t\t\t\t\t<p><small>(původní cena 2 000 Kč)</small></p>\n\t\t\t\t\t\t\t\t</div>\n\t\t\t\t\t\t\t\t<a class=\"button-simple button-red\" href=\"/vernostni-program\" tabindex=\"-1\">Do programu</a>\n\t\t\t\t\t\t\t</div>\n\t\t\t\t\t\t\t<img src=\"/css/images/loyalty/divadlo.png\" class=\"offer-image\">\n\t\t\t\t\t\t</div><div class=\"loyalty-offer slick-slide slick-cloned\" data-slick-index=\"4\" aria-hidden=\"true\" style=\"width: 752px;\" tabindex=\"-1\">\n\t\t\t\t\t\t\t<div class=\"offer-content\">\n\t\t\t\t\t\t\t\t<h4>Věrnostní program</h4>\n\t\t\t\t\t\t\t\t<div class=\"offer-text\">\n\t\t\t\t\t\t\t\t\tkniha Ochutnejte Českou republiku<br>\n\t\t\t\t\t\t\t\t\t<strong>za senzačních <span class=\"text-red\">175 Kč</span></strong>\n\t\t\t\t\t\t\t\t\t<p><small>(původní cena 269 Kč)</small></p>\n\t\t\t\t\t\t\t\t</div>\n\t\t\t\t\t\t\t\t<a class=\"button-simple button-red\" href=\"/vernostni-program\" tabindex=\"-1\">Do programu</a>\n\t\t\t\t\t\t\t</div>\n\t\t\t\t\t\t\t<img src=\"/css/images/loyalty/knizka.png\" class=\"offer-image\">\n\t\t\t\t\t\t</div></div></div>\n\t\t\t\t\t\t\n\t\t\t\t\t\t\n\t\t\t\t\t\t\n\t\t\t\t\t<button type=\"button\" data-role=\"none\" class=\"slick-next slick-arrow\" aria-label=\"Next\" role=\"button\" style=\"display: block;\">Next</button><ul class=\"slick-dots slick-dots-hp\" style=\"display: block;\" role=\"tablist\"><li class=\"slick-active\" aria-hidden=\"false\" role=\"presentation\" aria-selected=\"true\" aria-controls=\"navigation40\" id=\"slick-slide40\"><button type=\"button\" data-role=\"none\" role=\"button\" tabindex=\"0\">1</button></li><li aria-hidden=\"true\" role=\"presentation\" aria-selected=\"false\" aria-controls=\"navigation41\" id=\"slick-slide41\"><button type=\"button\" data-role=\"none\" role=\"button\" tabindex=\"0\">2</button></li><li aria-hidden=\"true\" role=\"presentation\" aria-selected=\"false\" aria-controls=\"navigation42\" id=\"slick-slide42\"><button type=\"button\" data-role=\"none\" role=\"button\" tabindex=\"0\">3</button></li><li aria-hidden=\"true\" role=\"presentation\" aria-selected=\"false\" aria-controls=\"navigation43\" id=\"slick-slide43\"><button type=\"button\" data-role=\"none\" role=\"button\" tabindex=\"0\">4</button></li></ul></div>\n\t\t\t\t\t<div class=\"loyalty-account\">\n\t\t\t\t\t\t\t<span class=\"can-buy\">V nabídce máme <a href=\"/vernostni-program\"><strong>17 produktů</strong></a></span>\n\t\t\t\t\t</div>\n\t\t\t\t</div>\n\t\t\t\t<!-- TODO change place according to customers place selected, default prague location -->\n\t<div class=\"block week-offer-carousel slick-initialized slick-slider slick-dotted\" role=\"toolbar\"><button type=\"button\" data-role=\"none\" class=\"slick-prev slick-arrow\" aria-label=\"Previous\" role=\"button\" style=\"display: inline-block;\">Previous</button>\n\t\t\t\t\t<div aria-live=\"polite\" class=\"slick-list draggable\"><div class=\"slick-track\" style=\"opacity: 1; width: 3012px; transform: translate3d(-753px, 0px, 0px);\" role=\"listbox\"><div class=\"week-offer slick-slide slick-cloned\" data-slick-index=\"-1\" aria-hidden=\"true\" style=\"width: 753px;\" tabindex=\"-1\">\n\t\t\t\t\t\t<div class=\"week-top\">\n\t\t\t\t\t\t\t<div class=\"offer-content\">\n\t\t\t\t\t\t\t\t<div class=\"text-wrapper\">\n\t\t\t\t\t\t\t\t<h4>Nabídka týdne</h4>\n\n\t\t\t\t\t\t\t\t<div class=\"offer-text\">Giana Rajčatový protlak 140g</div>\n\n\t\t\t\t\t\t\t\t<a href=\"/produkt/11596\" class=\"button-simple button-red\" tabindex=\"-1\">Koupit</a>\n\t\t\t\t\t\t\t\t<div class=\"offer-price\">\n\t\t\t\t\t\t\t\t\t<span>\n\t\t\t\t\t\t\t\t\t\t<span class=\"old-price\"><strong class=\"price\">13,90 Kč</strong></span>\n\t\t\t\t\t\t\t\t\t</span>\n\t\t\t\t\t\t\t\t\t<span class=\"actual-price\"><strong class=\"price\">9,90 Kč</strong></span>\n\t\t\t\t\t\t\t\t</div>\n\t\t\t\t\t\t\t\t</div>\n\t\t\t\t\t\t\t</div>\n\t\t\t\t\t\t\t<img src=\"https://cdn.kosik.cz/content/product-weekoffer/jpg/default/empty.jpg\" data-src=\"https://cdn.kosik.cz/content/product-weekoffer/jpg/default/29076.jpg\" alt=\"Giana Rajčatový protlak 140g\" class=\"loading-images offer-image\">\n\t\t\t\t\t\t</div>\n\t\t\t\t\t\t<div class=\"week-bottom\">\n\t\t\t\t\t\t\t<span class=\"sale-label\"><span class=\"percents\">29<small>%</small></span> sleva</span>\n\t\t\t\t\t\t\t\t<div class=\"time-label\">Zbývá pouze <strong>1 dnů</strong></div>\n\t\t\t\t\t\t</div>\n\t\t\t\t\t</div><div class=\"week-offer slick-slide slick-current slick-active\" data-slick-index=\"0\" aria-hidden=\"false\" style=\"width: 753px;\" tabindex=\"-1\" role=\"option\" aria-describedby=\"slick-slide50\">\n\t\t\t\t\t\t<div class=\"week-top\">\n\t\t\t\t\t\t\t<div class=\"offer-content\">\n\t\t\t\t\t\t\t\t<div class=\"text-wrapper\">\n\t\t\t\t\t\t\t\t<h4>Nabídka týdne</h4>\n\n\t\t\t\t\t\t\t\t<div class=\"offer-text\">Chodura Šunka Excellent nejvyšší jakosti shaved 100g</div>\n\n\t\t\t\t\t\t\t\t<a href=\"/produkt/16581\" class=\"button-simple button-red\" tabindex=\"0\">Koupit</a>\n\t\t\t\t\t\t\t\t<div class=\"offer-price\">\n\t\t\t\t\t\t\t\t\t<span>\n\t\t\t\t\t\t\t\t\t\t<span class=\"old-price\"><strong class=\"price\">29,90 Kč</strong></span>\n\t\t\t\t\t\t\t\t\t</span>\n\t\t\t\t\t\t\t\t\t<span class=\"actual-price\"><strong class=\"price\">19,90 Kč</strong></span>\n\t\t\t\t\t\t\t\t</div>\n\t\t\t\t\t\t\t\t</div>\n\t\t\t\t\t\t\t</div>\n\t\t\t\t\t\t\t<img src=\"https://cdn.kosik.cz/content/product-weekoffer/jpg/default/empty.jpg\" data-src=\"https://cdn.kosik.cz/content/product-weekoffer/jpg/default/33849.jpg\" alt=\"Chodura Šunka Excellent nejvyšší jakosti shaved 100g\" class=\"loading-images offer-image\">\n\t\t\t\t\t\t</div>\n\t\t\t\t\t\t<div class=\"week-bottom\">\n\t\t\t\t\t\t\t<span class=\"sale-label\"><span class=\"percents\">33<small>%</small></span> sleva</span>\n\t\t\t\t\t\t\t\t<div class=\"time-label\">Zbývá pouze <strong>1 dnů</strong></div>\n\t\t\t\t\t\t</div>\n\t\t\t\t\t</div><div class=\"week-offer slick-slide\" data-slick-index=\"1\" aria-hidden=\"true\" style=\"width: 753px;\" tabindex=\"-1\" role=\"option\" aria-describedby=\"slick-slide51\">\n\t\t\t\t\t\t<div class=\"week-top\">\n\t\t\t\t\t\t\t<div class=\"offer-content\">\n\t\t\t\t\t\t\t\t<div class=\"text-wrapper\">\n\t\t\t\t\t\t\t\t<h4>Nabídka týdne</h4>\n\n\t\t\t\t\t\t\t\t<div class=\"offer-text\">Giana Rajčatový protlak 140g</div>\n\n\t\t\t\t\t\t\t\t<a href=\"/produkt/11596\" class=\"button-simple button-red\" tabindex=\"-1\">Koupit</a>\n\t\t\t\t\t\t\t\t<div class=\"offer-price\">\n\t\t\t\t\t\t\t\t\t<span>\n\t\t\t\t\t\t\t\t\t\t<span class=\"old-price\"><strong class=\"price\">13,90 Kč</strong></span>\n\t\t\t\t\t\t\t\t\t</span>\n\t\t\t\t\t\t\t\t\t<span class=\"actual-price\"><strong class=\"price\">9,90 Kč</strong></span>\n\t\t\t\t\t\t\t\t</div>\n\t\t\t\t\t\t\t\t</div>\n\t\t\t\t\t\t\t</div>\n\t\t\t\t\t\t\t<img src=\"https://cdn.kosik.cz/content/product-weekoffer/jpg/default/empty.jpg\" data-src=\"https://cdn.kosik.cz/content/product-weekoffer/jpg/default/29076.jpg\" alt=\"Giana Rajčatový protlak 140g\" class=\"loading-images offer-image\">\n\t\t\t\t\t\t</div>\n\t\t\t\t\t\t<div class=\"week-bottom\">\n\t\t\t\t\t\t\t<span class=\"sale-label\"><span class=\"percents\">29<small>%</small></span> sleva</span>\n\t\t\t\t\t\t\t\t<div class=\"time-label\">Zbývá pouze <strong>1 dnů</strong></div>\n\t\t\t\t\t\t</div>\n\t\t\t\t\t</div><div class=\"week-offer slick-slide slick-cloned\" data-slick-index=\"2\" aria-hidden=\"true\" style=\"width: 753px;\" tabindex=\"-1\">\n\t\t\t\t\t\t<div class=\"week-top\">\n\t\t\t\t\t\t\t<div class=\"offer-content\">\n\t\t\t\t\t\t\t\t<div class=\"text-wrapper\">\n\t\t\t\t\t\t\t\t<h4>Nabídka týdne</h4>\n\n\t\t\t\t\t\t\t\t<div class=\"offer-text\">Chodura Šunka Excellent nejvyšší jakosti shaved 100g</div>\n\n\t\t\t\t\t\t\t\t<a href=\"/produkt/16581\" class=\"button-simple button-red\" tabindex=\"-1\">Koupit</a>\n\t\t\t\t\t\t\t\t<div class=\"offer-price\">\n\t\t\t\t\t\t\t\t\t<span>\n\t\t\t\t\t\t\t\t\t\t<span class=\"old-price\"><strong class=\"price\">29,90 Kč</strong></span>\n\t\t\t\t\t\t\t\t\t</span>\n\t\t\t\t\t\t\t\t\t<span class=\"actual-price\"><strong class=\"price\">19,90 Kč</strong></span>\n\t\t\t\t\t\t\t\t</div>\n\t\t\t\t\t\t\t\t</div>\n\t\t\t\t\t\t\t</div>\n\t\t\t\t\t\t\t<img src=\"https://cdn.kosik.cz/content/product-weekoffer/jpg/default/empty.jpg\" data-src=\"https://cdn.kosik.cz/content/product-weekoffer/jpg/default/33849.jpg\" alt=\"Chodura Šunka Excellent nejvyšší jakosti shaved 100g\" class=\"loading-images offer-image\">\n\t\t\t\t\t\t</div>\n\t\t\t\t\t\t<div class=\"week-bottom\">\n\t\t\t\t\t\t\t<span class=\"sale-label\"><span class=\"percents\">33<small>%</small></span> sleva</span>\n\t\t\t\t\t\t\t\t<div class=\"time-label\">Zbývá pouze <strong>1 dnů</strong></div>\n\t\t\t\t\t\t</div>\n\t\t\t\t\t</div></div></div>\n\t\t\t\t\t\n\t<button type=\"button\" data-role=\"none\" class=\"slick-next slick-arrow\" aria-label=\"Next\" role=\"button\" style=\"display: block;\">Next</button><ul class=\"slick-dots slick-dots-hp\" style=\"display: block;\" role=\"tablist\"><li class=\"slick-active\" aria-hidden=\"false\" role=\"presentation\" aria-selected=\"true\" aria-controls=\"navigation50\" id=\"slick-slide50\"><button type=\"button\" data-role=\"none\" role=\"button\" tabindex=\"0\">1</button></li><li aria-hidden=\"true\" role=\"presentation\" aria-selected=\"false\" aria-controls=\"navigation51\" id=\"slick-slide51\"><button type=\"button\" data-role=\"none\" role=\"button\" tabindex=\"0\">2</button></li></ul></div>\n\t\t\t</div>\n\t\t</div>\n\n\t\t<div class=\"region region-carousel region-products no-aside product-widget\">\n\t\t\t<div class=\"home-product-widget region-inner region-products-inner slick-carousel\" data-open=\"4\" data-close=\"5\">\n\t\t\t\t<div class=\"block block-title\">\n\t\t\t\t\t<h3>Akce</h3>\n\t\t\t\t\t\t\t<a class=\"carousel-show-all\" href=\"/produkty-v-akci\">Zobrazit vše</a>\n\t\t\t\t</div>\n<div class=\"block block-product-items product-items slick-initialized slick-slider\" data-ajax-append=\"product-item\" id=\"snippet-productWidget-widgetCarousel-1akce-productListArea\"><button type=\"button\" data-role=\"none\" class=\"slick-prev slick-arrow\" aria-label=\"Previous\" role=\"button\" style=\"display: block;\">Previous</button>\n    \n    \n    \n    \n    \n    \n    \n    \n    \n    \n    \n    \n    \n    \n    \n    \n    \n    \n    \n    \n    \n    \n    \n    \n    \n    \n    \n    \n    \n    \n    \n    \n    \n    \n    \n    \n    \n    \n    \n    \n    \n    \n    \n    \n    \n    \n    \n    \n    \n    \n    \n    \n    \n    \n    \n    \n    \n    \n    \n    \n    \n    \n    \n    \n    \n    \n    \n    \n    \n    \n    \n    \n    \n    \n    \n    \n    \n<div aria-live=\"polite\" class=\"slick-list draggable\"><div class=\"slick-track\" style=\"opacity: 1; width: 20916px; transform: translate3d(-756px, 0px, 0px);\" role=\"listbox\"><div class=\"product-item slick-slide slick-cloned\" style=\"width: 253px;\" data-slick-index=\"-3\" aria-hidden=\"true\" tabindex=\"-1\">\n        <div class=\"product-item-flags\">\n            <div class=\"flag-sale \">\n                <span class=\"percents\">20<small>%</small></span>\n            </div>\n        </div>\n        <div class=\"product-item-image\">\n                <a data-href=\"/?productWidget-widgetCarousel-1akce-id=30985&amp;do=productWidget-widgetCarousel-1akce-modal\" data-target=\"productWidget-widgetCarousel-1akce-productModal\" onclick=\"kosikAjax.click(this)\" tabindex=\"-1\">\n                    <img src=\"https://cdn.kosik.cz/content/product/jpg/list/empty.jpg\" data-src=\"https://cdn.kosik.cz/content/product/jpg/list/48383.jpg\" alt=\"Rohlík se slaninou a sýrem 70g\" class=\"loading-images loading-image\">\n                </a>\n\n\n\n\n        </div>\n                <div class=\"product-item-info\">\n                <a data-href=\"/?productWidget-widgetCarousel-1akce-id=30985&amp;do=productWidget-widgetCarousel-1akce-modal\" class=\"product-name modal-link\" data-target=\"productWidget-widgetCarousel-1akce-productModal\" onclick=\"kosikAjax.click(this)\" tabindex=\"-1\">\n                    Rohlík se slaninou a sýrem 70g<br><span class=\"new-product\">Novinka</span>\n                </a>\n            <p class=\"product-item-price product-in-discount\">\n                <span class=\"price-before-discount\">\n\t\t\t\t\t<span><strong class=\"price\">14,90 Kč</strong></span>\n\t\t\t\t</span>\n<strong class=\"price\">11,90 Kč</strong>\n\n            </p>\n            <p class=\"product-item-unit\">\n                    (<strong class=\"price\">170,00 Kč</strong> / kg)\n            </p>\n                        <div class=\"product-list-rating\">\n            </div>\n<div id=\"\">        <div class=\"product-quantity-control\">\n            <form action=\"/\" method=\"post\" class=\"ajax\" id=\"\">\n                <input type=\"text\" name=\"quantity\" size=\"3\" id=\"\" data-nette-rules=\"[{&quot;op&quot;:&quot;:integer&quot;,&quot;msg&quot;:&quot;Množství musí být číslo.&quot;}]\" value=\"1\" tabindex=\"-1\">\n                <input type=\"submit\" name=\"_submit\" value=\"Přidat\" class=\"product-quantity-control-submit plus\" tabindex=\"-1\">\n            <input type=\"hidden\" name=\"do\" value=\"productWidget-widgetCarousel-1akce-buy-30985-quantityForm-submit\" tabindex=\"-1\"><!--[if IE]><input type=IEbug disabled style=\"display:none\"><![endif]-->\n</form>\n\n        </div>\n</div>\n\n        </div>\n\n        \n    </div><div class=\"product-item slick-slide slick-cloned\" style=\"width: 253px;\" data-slick-index=\"-2\" aria-hidden=\"true\" tabindex=\"-1\">\n        <div class=\"product-item-flags\">\n            <div class=\"flag-sale \">\n                <span class=\"percents\">20<small>%</small></span>\n            </div>\n        </div>\n        <div class=\"product-item-image\">\n                <a data-href=\"/?productWidget-widgetCarousel-1akce-id=14488&amp;do=productWidget-widgetCarousel-1akce-modal\" data-target=\"productWidget-widgetCarousel-1akce-productModal\" onclick=\"kosikAjax.click(this)\" tabindex=\"-1\">\n                    <img src=\"https://cdn.kosik.cz/content/product/jpg/list/empty.jpg\" data-src=\"https://cdn.kosik.cz/content/product/jpg/list/31757.jpg\" alt=\"PAC Hořovice Vrtule skořicová 40g\" class=\"loading-images loading-image\">\n                </a>\n\n\n\n\n        </div>\n                <div class=\"product-item-info\">\n                <a data-href=\"/?productWidget-widgetCarousel-1akce-id=14488&amp;do=productWidget-widgetCarousel-1akce-modal\" class=\"product-name modal-link\" data-target=\"productWidget-widgetCarousel-1akce-productModal\" onclick=\"kosikAjax.click(this)\" tabindex=\"-1\">\n                    PAC Hořovice Vrtule skořicová 40g\n                </a>\n            <p class=\"product-item-price product-in-discount\">\n                <span class=\"price-before-discount\">\n\t\t\t\t\t<span><strong class=\"price\">6,90 Kč</strong></span>\n\t\t\t\t</span>\n<strong class=\"price\">5,50 Kč</strong>\n\n            </p>\n            <p class=\"product-item-unit\">\n                    (<strong class=\"price\">137,50 Kč</strong> / kg)\n            </p>\n                        <div class=\"product-list-rating\">\n            </div>\n<div id=\"\">        <div class=\"product-quantity-control\">\n            <form action=\"/\" method=\"post\" class=\"ajax\" id=\"\">\n                <input type=\"text\" name=\"quantity\" size=\"3\" id=\"\" data-nette-rules=\"[{&quot;op&quot;:&quot;:integer&quot;,&quot;msg&quot;:&quot;Množství musí být číslo.&quot;}]\" value=\"1\" tabindex=\"-1\">\n                <input type=\"submit\" name=\"_submit\" value=\"Přidat\" class=\"product-quantity-control-submit plus\" tabindex=\"-1\">\n            <input type=\"hidden\" name=\"do\" value=\"productWidget-widgetCarousel-1akce-buy-14488-quantityForm-submit\" tabindex=\"-1\"><!--[if IE]><input type=IEbug disabled style=\"display:none\"><![endif]-->\n</form>\n\n        </div>\n</div>\n\n        </div>\n\n        \n    </div><div class=\"product-item slick-slide slick-cloned\" style=\"width: 253px;\" data-slick-index=\"-1\" aria-hidden=\"true\" tabindex=\"-1\">\n        <div class=\"product-item-flags\">\n            <div class=\"flag-sale \">\n                <span class=\"percents\">25<small>%</small></span>\n            </div>\n        </div>\n        <div class=\"product-item-image\">\n                <a data-href=\"/?productWidget-widgetCarousel-1akce-id=30755&amp;do=productWidget-widgetCarousel-1akce-modal\" data-target=\"productWidget-widgetCarousel-1akce-productModal\" onclick=\"kosikAjax.click(this)\" tabindex=\"-1\">\n                    <img src=\"https://cdn.kosik.cz/content/product/jpg/list/empty.jpg\" data-src=\"https://cdn.kosik.cz/content/product/jpg/list/48152.jpg\" alt=\"Listový rohlík s arašídovou náplní 60g (pro oblast Brno)\" class=\"loading-images loading-image\">\n                </a>\n\n\n\n\n        </div>\n                <div class=\"product-item-info\">\n                <a data-href=\"/?productWidget-widgetCarousel-1akce-id=30755&amp;do=productWidget-widgetCarousel-1akce-modal\" class=\"product-name modal-link\" data-target=\"productWidget-widgetCarousel-1akce-productModal\" onclick=\"kosikAjax.click(this)\" tabindex=\"-1\">\n                    Listový rohlík s arašídovou náplní 60g (pro oblast Brno)\n                </a>\n            <p class=\"product-item-price product-in-discount\">\n                <span class=\"price-before-discount\">\n\t\t\t\t\t<span><strong class=\"price\">11,90 Kč</strong></span>\n\t\t\t\t</span>\n<strong class=\"price\">8,90 Kč</strong>\n\n            </p>\n            <p class=\"product-item-unit\">\n                    (<strong class=\"price\">148,30 Kč</strong> / kg)\n            </p>\n                        <div class=\"product-list-rating\">\n            </div>\n<div id=\"\">        <div class=\"product-quantity-control\">\n            <form action=\"/\" method=\"post\" class=\"ajax\" id=\"\">\n                <input type=\"text\" name=\"quantity\" size=\"3\" id=\"\" data-nette-rules=\"[{&quot;op&quot;:&quot;:integer&quot;,&quot;msg&quot;:&quot;Množství musí být číslo.&quot;}]\" value=\"1\" tabindex=\"-1\">\n                <input type=\"submit\" name=\"_submit\" value=\"Přidat\" class=\"product-quantity-control-submit plus\" tabindex=\"-1\">\n            <input type=\"hidden\" name=\"do\" value=\"productWidget-widgetCarousel-1akce-buy-30755-quantityForm-submit\" tabindex=\"-1\"><!--[if IE]><input type=IEbug disabled style=\"display:none\"><![endif]-->\n</form>\n\n        </div>\n</div>\n\n        </div>\n\n        \n    </div><div id=\"product-append-13701\" class=\"product-item slick-slide slick-current slick-active\" style=\"width: 253px;\" data-slick-index=\"0\" aria-hidden=\"false\" tabindex=\"-1\" role=\"option\" aria-describedby=\"slick-slide00\">\n        <div class=\"product-item-flags\">\n            <div class=\"flag-sale \">\n                <span class=\"percents\">24<small>%</small></span>\n            </div>\n        </div>\n        <div class=\"product-item-image\">\n                <a data-href=\"/?productWidget-widgetCarousel-1akce-id=13701&amp;do=productWidget-widgetCarousel-1akce-modal\" data-target=\"productWidget-widgetCarousel-1akce-productModal\" onclick=\"kosikAjax.click(this)\" tabindex=\"0\">\n                    <img src=\"https://cdn.kosik.cz/content/product/jpg/list/empty.jpg\" data-src=\"https://cdn.kosik.cz/content/product/jpg/list/30954.jpg\" alt=\"Hollandia Selský jogurt jahoda 200g\" class=\"loading-images loading-image\">\n                </a>\n\n\n\n\n        </div>\n                <div class=\"product-item-info\">\n                <a data-href=\"/?productWidget-widgetCarousel-1akce-id=13701&amp;do=productWidget-widgetCarousel-1akce-modal\" class=\"product-name modal-link\" data-target=\"productWidget-widgetCarousel-1akce-productModal\" onclick=\"kosikAjax.click(this)\" tabindex=\"0\">\n                    Hollandia Selský jogurt jahoda 200g\n                </a>\n            <p class=\"product-item-price product-in-discount\">\n                <span class=\"price-before-discount\">\n\t\t\t\t\t<span><strong class=\"price\">16,90 Kč</strong></span>\n\t\t\t\t</span>\n<strong class=\"price\">12,90 Kč</strong>\n\n            </p>\n            <p class=\"product-item-unit\">\n                    (<strong class=\"price\">64,50 Kč</strong> / kg)\n            </p>\n                        <div class=\"product-list-rating\">\n                <span><ul class=\"rating\"><li class=\"rating-children rating-1 up\" data-rating=\"1\"><i class=\"fa fa-star\"></i></li><li class=\"rating-children rating-2 up\" data-rating=\"2\"><i class=\"fa fa-star\"></i></li><li class=\"rating-children rating-3 up\" data-rating=\"3\"><i class=\"fa fa-star\"></i></li><li class=\"rating-children rating-4 up\" data-rating=\"4\"><i class=\"fa fa-star\"></i></li><li class=\"rating-children rating-5 up\" data-rating=\"5\"><i class=\"fa fa-star\"></i></li></ul></span>\n            </div>\n<div id=\"snippet-productWidget-widgetCarousel-1akce-buy-13701-quantity\">        <div class=\"product-quantity-control\">\n            <form action=\"/\" method=\"post\" class=\"ajax\" id=\"frm-productWidget-widgetCarousel-1akce-buy-13701-quantityForm\">\n                <input type=\"text\" name=\"quantity\" size=\"3\" id=\"frm-productWidget-widgetCarousel-1akce-buy-13701-quantityForm-quantity\" data-nette-rules=\"[{&quot;op&quot;:&quot;:integer&quot;,&quot;msg&quot;:&quot;Množství musí být číslo.&quot;}]\" value=\"1\" tabindex=\"0\">\n                <input type=\"submit\" name=\"_submit\" value=\"Přidat\" class=\"product-quantity-control-submit plus\" tabindex=\"0\">\n            <input type=\"hidden\" name=\"do\" value=\"productWidget-widgetCarousel-1akce-buy-13701-quantityForm-submit\" tabindex=\"0\"><!--[if IE]><input type=IEbug disabled style=\"display:none\"><![endif]-->\n</form>\n\n        </div>\n</div>\n\n        </div>\n\n        \n    </div><div id=\"product-append-18398\" class=\"product-item slick-slide slick-active\" style=\"width: 253px;\" data-slick-index=\"1\" aria-hidden=\"false\" tabindex=\"-1\" role=\"option\" aria-describedby=\"slick-slide01\">\n        <div class=\"product-item-flags\">\n            <div class=\"flag-sale \">\n                <span class=\"percents\">23<small>%</small></span>\n            </div>\n        </div>\n        <div class=\"product-item-image\">\n                <a data-href=\"/?productWidget-widgetCarousel-1akce-id=18398&amp;do=productWidget-widgetCarousel-1akce-modal\" data-target=\"productWidget-widgetCarousel-1akce-productModal\" onclick=\"kosikAjax.click(this)\" tabindex=\"0\">\n                    <img src=\"https://cdn.kosik.cz/content/product/jpg/list/empty.jpg\" data-src=\"https://cdn.kosik.cz/content/product/jpg/list/35651.jpg\" alt=\"Telecí květová špička maminha steak (cca 550g)\" class=\"loading-images loading-image\">\n                </a>\n\n\n\n\n        </div>\n                <div class=\"product-item-info\">\n                <a data-href=\"/?productWidget-widgetCarousel-1akce-id=18398&amp;do=productWidget-widgetCarousel-1akce-modal\" class=\"product-name modal-link\" data-target=\"productWidget-widgetCarousel-1akce-productModal\" onclick=\"kosikAjax.click(this)\" tabindex=\"0\">\n                    Telecí květová špička maminha steak (cca 550g)\n                </a>\n            <p class=\"product-item-price product-in-discount\">\n                <span class=\"price-before-discount\">\n\t\t\t\t\t<span><strong class=\"price\">181,40 Kč</strong></span>\n\t\t\t\t</span>\n                <small class=\"circa-prefix\">cca </small><strong class=\"price\">139,90 Kč</strong>\n\n            </p>\n            <p class=\"product-item-unit\">\n                    (<strong class=\"price\">254,40 Kč</strong> / kg)\n            </p>\n                        <div class=\"product-list-rating\">\n            </div>\n<div id=\"snippet-productWidget-widgetCarousel-1akce-buy-18398-quantity\">        <div class=\"product-quantity-control\">\n            <form action=\"/\" method=\"post\" class=\"ajax\" id=\"frm-productWidget-widgetCarousel-1akce-buy-18398-quantityForm\">\n                <input type=\"text\" name=\"quantity\" size=\"3\" id=\"frm-productWidget-widgetCarousel-1akce-buy-18398-quantityForm-quantity\" data-nette-rules=\"[{&quot;op&quot;:&quot;:integer&quot;,&quot;msg&quot;:&quot;Množství musí být číslo.&quot;}]\" value=\"1\" tabindex=\"0\">\n                <input type=\"submit\" name=\"_submit\" value=\"Přidat\" class=\"product-quantity-control-submit plus\" tabindex=\"0\">\n            <input type=\"hidden\" name=\"do\" value=\"productWidget-widgetCarousel-1akce-buy-18398-quantityForm-submit\" tabindex=\"0\"><!--[if IE]><input type=IEbug disabled style=\"display:none\"><![endif]-->\n</form>\n\n        </div>\n</div>\n\n        </div>\n\n        \n    </div><div id=\"product-append-14099\" class=\"product-item slick-slide slick-active\" style=\"width: 253px;\" data-slick-index=\"2\" aria-hidden=\"false\" tabindex=\"-1\" role=\"option\" aria-describedby=\"slick-slide02\">\n        <div class=\"product-item-flags\">\n            <div class=\"flag-sale \">\n                <span class=\"percents\">25<small>%</small></span>\n            </div>\n        </div>\n        <div class=\"product-item-image\">\n                <a data-href=\"/?productWidget-widgetCarousel-1akce-id=14099&amp;do=productWidget-widgetCarousel-1akce-modal\" data-target=\"productWidget-widgetCarousel-1akce-productModal\" onclick=\"kosikAjax.click(this)\" tabindex=\"0\">\n                    <img src=\"https://cdn.kosik.cz/content/product/jpg/list/empty.jpg\" data-src=\"https://cdn.kosik.cz/content/product/jpg/list/31352.jpg\" alt=\"Borůvky vanička 125g\" class=\"loading-images loading-image\">\n                </a>\n\n\n\n\n        </div>\n                <div class=\"product-item-info\">\n                <a data-href=\"/?productWidget-widgetCarousel-1akce-id=14099&amp;do=productWidget-widgetCarousel-1akce-modal\" class=\"product-name modal-link\" data-target=\"productWidget-widgetCarousel-1akce-productModal\" onclick=\"kosikAjax.click(this)\" tabindex=\"0\">\n                    Borůvky vanička 125g\n                </a>\n            <p class=\"product-item-price product-in-discount\">\n                <span class=\"price-before-discount\">\n\t\t\t\t\t<span><strong class=\"price\">59,90 Kč</strong></span>\n\t\t\t\t</span>\n<strong class=\"price\">44,90 Kč</strong>\n\n            </p>\n            <p class=\"product-item-unit\">\n                    (<strong class=\"price\">359,20 Kč</strong> / kg)\n            </p>\n                        <div class=\"product-list-rating\">\n                <span><ul class=\"rating\"><li class=\"rating-children rating-1 up\" data-rating=\"1\"><i class=\"fa fa-star\"></i></li><li class=\"rating-children rating-2 up\" data-rating=\"2\"><i class=\"fa fa-star\"></i></li><li class=\"rating-children rating-3 up\" data-rating=\"3\"><i class=\"fa fa-star\"></i></li><li class=\"rating-children rating-4 up\" data-rating=\"4\"><i class=\"fa fa-star\"></i></li><li class=\"rating-children rating-5 up\" data-rating=\"5\"><i class=\"fa fa-star\"></i></li></ul></span>\n            </div>\n<div id=\"snippet-productWidget-widgetCarousel-1akce-buy-14099-quantity\">        <div class=\"product-quantity-control\">\n            <form action=\"/\" method=\"post\" class=\"ajax\" id=\"frm-productWidget-widgetCarousel-1akce-buy-14099-quantityForm\">\n                <input type=\"text\" name=\"quantity\" size=\"3\" id=\"frm-productWidget-widgetCarousel-1akce-buy-14099-quantityForm-quantity\" data-nette-rules=\"[{&quot;op&quot;:&quot;:integer&quot;,&quot;msg&quot;:&quot;Množství musí být číslo.&quot;}]\" value=\"1\" tabindex=\"0\">\n                <input type=\"submit\" name=\"_submit\" value=\"Přidat\" class=\"product-quantity-control-submit plus\" tabindex=\"0\">\n            <input type=\"hidden\" name=\"do\" value=\"productWidget-widgetCarousel-1akce-buy-14099-quantityForm-submit\" tabindex=\"0\"><!--[if IE]><input type=IEbug disabled style=\"display:none\"><![endif]-->\n</form>\n\n        </div>\n</div>\n\n        </div>\n\n        \n    </div><div id=\"product-append-30991\" class=\"product-item slick-slide\" style=\"width: 253px;\" data-slick-index=\"3\" aria-hidden=\"true\" tabindex=\"-1\" role=\"option\" aria-describedby=\"slick-slide03\">\n        <div class=\"product-item-flags\">\n            <div class=\"flag-sale \">\n                <span class=\"percents\">23<small>%</small></span>\n            </div>\n        </div>\n        <div class=\"product-item-image\">\n                <a data-href=\"/?productWidget-widgetCarousel-1akce-id=30991&amp;do=productWidget-widgetCarousel-1akce-modal\" data-target=\"productWidget-widgetCarousel-1akce-productModal\" onclick=\"kosikAjax.click(this)\" tabindex=\"-1\">\n                    <img src=\"https://cdn.kosik.cz/content/product/jpg/list/empty.jpg\" data-src=\"https://cdn.kosik.cz/content/product/jpg/list/48389.jpg\" alt=\"Koláč hlučinský s náplní tvarohovou 80g\" class=\"loading-images loading-image\">\n                </a>\n\n\n\n\n        </div>\n                <div class=\"product-item-info\">\n                <a data-href=\"/?productWidget-widgetCarousel-1akce-id=30991&amp;do=productWidget-widgetCarousel-1akce-modal\" class=\"product-name modal-link\" data-target=\"productWidget-widgetCarousel-1akce-productModal\" onclick=\"kosikAjax.click(this)\" tabindex=\"-1\">\n                    Koláč hlučinský s náplní tvarohovou 80g<br><span class=\"new-product\">Novinka</span>\n                </a>\n            <p class=\"product-item-price product-in-discount\">\n                <span class=\"price-before-discount\">\n\t\t\t\t\t<span><strong class=\"price\">12,90 Kč</strong></span>\n\t\t\t\t</span>\n<strong class=\"price\">9,90 Kč</strong>\n\n            </p>\n            <p class=\"product-item-unit\">\n                    (<strong class=\"price\">123,80 Kč</strong> / kg)\n            </p>\n                        <div class=\"product-list-rating\">\n            </div>\n<div id=\"snippet-productWidget-widgetCarousel-1akce-buy-30991-quantity\">        <div class=\"product-quantity-control\">\n            <form action=\"/\" method=\"post\" class=\"ajax\" id=\"frm-productWidget-widgetCarousel-1akce-buy-30991-quantityForm\">\n                <input type=\"text\" name=\"quantity\" size=\"3\" id=\"frm-productWidget-widgetCarousel-1akce-buy-30991-quantityForm-quantity\" data-nette-rules=\"[{&quot;op&quot;:&quot;:integer&quot;,&quot;msg&quot;:&quot;Množství musí být číslo.&quot;}]\" value=\"1\" tabindex=\"-1\">\n                <input type=\"submit\" name=\"_submit\" value=\"Přidat\" class=\"product-quantity-control-submit plus\" tabindex=\"-1\">\n            <input type=\"hidden\" name=\"do\" value=\"productWidget-widgetCarousel-1akce-buy-30991-quantityForm-submit\" tabindex=\"-1\"><!--[if IE]><input type=IEbug disabled style=\"display:none\"><![endif]-->\n</form>\n\n        </div>\n</div>\n\n        </div>\n\n        \n    </div><div id=\"product-append-11326\" class=\"product-item slick-slide\" style=\"width: 253px;\" data-slick-index=\"4\" aria-hidden=\"true\" tabindex=\"-1\" role=\"option\" aria-describedby=\"slick-slide04\">\n        <div class=\"product-item-flags\">\n            <div class=\"flag-sale \">\n                <span class=\"percents\">26<small>%</small></span>\n            </div>\n        </div>\n        <div class=\"product-item-image\">\n                <a data-href=\"/?productWidget-widgetCarousel-1akce-id=11326&amp;do=productWidget-widgetCarousel-1akce-modal\" data-target=\"productWidget-widgetCarousel-1akce-productModal\" onclick=\"kosikAjax.click(this)\" tabindex=\"-1\">\n                    <img src=\"https://cdn.kosik.cz/content/product/jpg/list/empty.jpg\" data-src=\"https://cdn.kosik.cz/content/product/jpg/list/28887.jpg\" alt=\"Whiskas Adult Drůbeží výběr kompletní krmivo pro dospělé kočky 12 x 100g\" class=\"loading-images loading-image\">\n                </a>\n\n\n\n\n        </div>\n                <div class=\"product-item-info\">\n                <a data-href=\"/?productWidget-widgetCarousel-1akce-id=11326&amp;do=productWidget-widgetCarousel-1akce-modal\" class=\"product-name modal-link\" data-target=\"productWidget-widgetCarousel-1akce-productModal\" onclick=\"kosikAjax.click(this)\" tabindex=\"-1\">\n                    Whiskas Adult Drůbeží výběr kompletní krmivo pro dospělé kočky 12 x 100g\n                </a>\n            <p class=\"product-item-price product-in-discount\">\n                <span class=\"price-before-discount\">\n\t\t\t\t\t<span><strong class=\"price\">134,90 Kč</strong></span>\n\t\t\t\t</span>\n<strong class=\"price\">99,90 Kč</strong>\n\n            </p>\n            <p class=\"product-item-unit\">\n                    (<strong class=\"price\">83,30 Kč</strong> / kg)\n            </p>\n                        <div class=\"product-list-rating\">\n            </div>\n<div id=\"snippet-productWidget-widgetCarousel-1akce-buy-11326-quantity\">        <div class=\"product-quantity-control\">\n            <form action=\"/\" method=\"post\" class=\"ajax\" id=\"frm-productWidget-widgetCarousel-1akce-buy-11326-quantityForm\">\n                <input type=\"text\" name=\"quantity\" size=\"3\" id=\"frm-productWidget-widgetCarousel-1akce-buy-11326-quantityForm-quantity\" data-nette-rules=\"[{&quot;op&quot;:&quot;:integer&quot;,&quot;msg&quot;:&quot;Množství musí být číslo.&quot;}]\" value=\"1\" tabindex=\"-1\">\n                <input type=\"submit\" name=\"_submit\" value=\"Přidat\" class=\"product-quantity-control-submit plus\" tabindex=\"-1\">\n            <input type=\"hidden\" name=\"do\" value=\"productWidget-widgetCarousel-1akce-buy-11326-quantityForm-submit\" tabindex=\"-1\"><!--[if IE]><input type=IEbug disabled style=\"display:none\"><![endif]-->\n</form>\n\n        </div>\n</div>\n\n        </div>\n\n        \n    </div><div id=\"product-append-14279\" class=\"product-item slick-slide\" style=\"width: 253px;\" data-slick-index=\"5\" aria-hidden=\"true\" tabindex=\"-1\" role=\"option\" aria-describedby=\"slick-slide05\">\n        <div class=\"product-item-flags\">\n            <div class=\"flag-sale \">\n                <span class=\"percents\">22<small>%</small></span>\n            </div>\n        </div>\n        <div class=\"product-item-image\">\n                <a data-href=\"/?productWidget-widgetCarousel-1akce-id=14279&amp;do=productWidget-widgetCarousel-1akce-modal\" data-target=\"productWidget-widgetCarousel-1akce-productModal\" onclick=\"kosikAjax.click(this)\" tabindex=\"-1\">\n                    <img src=\"https://cdn.kosik.cz/content/product/jpg/list/empty.jpg\" data-src=\"https://cdn.kosik.cz/content/product/jpg/list/31532.jpg\" alt=\"Vepřová krkovice bez kosti (cca 500g)\" class=\"loading-images loading-image\">\n                </a>\n\n\n\n\n        </div>\n                <div class=\"product-item-info\">\n                <a data-href=\"/?productWidget-widgetCarousel-1akce-id=14279&amp;do=productWidget-widgetCarousel-1akce-modal\" class=\"product-name modal-link\" data-target=\"productWidget-widgetCarousel-1akce-productModal\" onclick=\"kosikAjax.click(this)\" tabindex=\"-1\">\n                    Vepřová krkovice bez kosti (cca 500g)\n                </a>\n            <p class=\"product-item-price product-in-discount\">\n                <span class=\"price-before-discount\">\n\t\t\t\t\t<span><strong class=\"price\">89,90 Kč</strong></span>\n\t\t\t\t</span>\n                <small class=\"circa-prefix\">cca </small><strong class=\"price\">69,90 Kč</strong>\n\n            </p>\n            <p class=\"product-item-unit\">\n                    (<strong class=\"price\">139,80 Kč</strong> / kg)\n            </p>\n                        <div class=\"product-list-rating\">\n            </div>\n<div id=\"snippet-productWidget-widgetCarousel-1akce-buy-14279-quantity\">        <div class=\"product-quantity-control\">\n            <form action=\"/\" method=\"post\" class=\"ajax\" id=\"frm-productWidget-widgetCarousel-1akce-buy-14279-quantityForm\">\n                <input type=\"text\" name=\"quantity\" size=\"3\" id=\"frm-productWidget-widgetCarousel-1akce-buy-14279-quantityForm-quantity\" data-nette-rules=\"[{&quot;op&quot;:&quot;:integer&quot;,&quot;msg&quot;:&quot;Množství musí být číslo.&quot;}]\" value=\"1\" tabindex=\"-1\">\n                <input type=\"submit\" name=\"_submit\" value=\"Přidat\" class=\"product-quantity-control-submit plus\" tabindex=\"-1\">\n            <input type=\"hidden\" name=\"do\" value=\"productWidget-widgetCarousel-1akce-buy-14279-quantityForm-submit\" tabindex=\"-1\"><!--[if IE]><input type=IEbug disabled style=\"display:none\"><![endif]-->\n</form>\n\n        </div>\n</div>\n\n        </div>\n\n        \n    </div><div id=\"product-append-432\" class=\"product-item slick-slide\" style=\"width: 253px;\" data-slick-index=\"6\" aria-hidden=\"true\" tabindex=\"-1\" role=\"option\" aria-describedby=\"slick-slide06\">\n        <div class=\"product-item-flags\">\n            <div class=\"flag-sale \">\n                <span class=\"percents\">29<small>%</small></span>\n            </div>\n        </div>\n        <div class=\"product-item-image\">\n                <a data-href=\"/?productWidget-widgetCarousel-1akce-id=432&amp;do=productWidget-widgetCarousel-1akce-modal\" data-target=\"productWidget-widgetCarousel-1akce-productModal\" onclick=\"kosikAjax.click(this)\" tabindex=\"-1\">\n                    <img src=\"https://cdn.kosik.cz/content/product/jpg/list/empty.jpg\" data-src=\"https://cdn.kosik.cz/content/product/jpg/list/459.jpg\" alt=\"Kedlubna  (cca 140g)\" class=\"loading-images loading-image\">\n                </a>\n\n\n\n\n        </div>\n                <div class=\"product-item-info\">\n                <a data-href=\"/?productWidget-widgetCarousel-1akce-id=432&amp;do=productWidget-widgetCarousel-1akce-modal\" class=\"product-name modal-link\" data-target=\"productWidget-widgetCarousel-1akce-productModal\" onclick=\"kosikAjax.click(this)\" tabindex=\"-1\">\n                    Kedlubna  (cca 140g)\n                </a>\n            <p class=\"product-item-price product-in-discount\">\n                <span class=\"price-before-discount\">\n\t\t\t\t\t<span><strong class=\"price\">13,90 Kč</strong></span>\n\t\t\t\t</span>\n<strong class=\"price\">9,90 Kč</strong>\n\n            </p>\n            <p class=\"product-item-unit\">\n                    (<strong class=\"price\">70,70 Kč</strong> / kg)\n            </p>\n                        <div class=\"product-list-rating\">\n                <span><ul class=\"rating\"><li class=\"rating-children rating-1 up\" data-rating=\"1\"><i class=\"fa fa-star\"></i></li><li class=\"rating-children rating-2 up\" data-rating=\"2\"><i class=\"fa fa-star\"></i></li><li class=\"rating-children rating-3 up\" data-rating=\"3\"><i class=\"fa fa-star\"></i></li><li class=\"rating-children rating-4 up\" data-rating=\"4\"><i class=\"fa fa-star\"></i></li><li class=\"rating-children rating-5 up\" data-rating=\"5\"><i class=\"fa fa-star\"></i></li></ul></span>\n            </div>\n<div id=\"snippet-productWidget-widgetCarousel-1akce-buy-432-quantity\">        <div class=\"product-quantity-control\">\n            <form action=\"/\" method=\"post\" class=\"ajax\" id=\"frm-productWidget-widgetCarousel-1akce-buy-432-quantityForm\">\n                <input type=\"text\" name=\"quantity\" size=\"3\" id=\"frm-productWidget-widgetCarousel-1akce-buy-432-quantityForm-quantity\" data-nette-rules=\"[{&quot;op&quot;:&quot;:integer&quot;,&quot;msg&quot;:&quot;Množství musí být číslo.&quot;}]\" value=\"1\" tabindex=\"-1\">\n                <input type=\"submit\" name=\"_submit\" value=\"Přidat\" class=\"product-quantity-control-submit plus\" tabindex=\"-1\">\n            <input type=\"hidden\" name=\"do\" value=\"productWidget-widgetCarousel-1akce-buy-432-quantityForm-submit\" tabindex=\"-1\"><!--[if IE]><input type=IEbug disabled style=\"display:none\"><![endif]-->\n</form>\n\n        </div>\n</div>\n\n        </div>\n\n        \n    </div><div id=\"product-append-2941\" class=\"product-item slick-slide\" style=\"width: 253px;\" data-slick-index=\"7\" aria-hidden=\"true\" tabindex=\"-1\" role=\"option\" aria-describedby=\"slick-slide07\">\n        <div class=\"product-item-flags\">\n            <div class=\"flag-sale \">\n                <span class=\"percents\">33<small>%</small></span>\n            </div>\n        </div>\n        <div class=\"product-item-image\">\n                <a data-href=\"/?productWidget-widgetCarousel-1akce-id=2941&amp;do=productWidget-widgetCarousel-1akce-modal\" data-target=\"productWidget-widgetCarousel-1akce-productModal\" onclick=\"kosikAjax.click(this)\" tabindex=\"-1\">\n                    <img src=\"https://cdn.kosik.cz/content/product/jpg/list/empty.jpg\" data-src=\"https://cdn.kosik.cz/content/product/jpg/list/3043.jpg\" alt=\"Mr. Brown ledová káva 250ml\" class=\"loading-images loading-image\">\n                </a>\n\n\n\n\n        </div>\n                <div class=\"product-item-info\">\n                <a data-href=\"/?productWidget-widgetCarousel-1akce-id=2941&amp;do=productWidget-widgetCarousel-1akce-modal\" class=\"product-name modal-link\" data-target=\"productWidget-widgetCarousel-1akce-productModal\" onclick=\"kosikAjax.click(this)\" tabindex=\"-1\">\n                    Mr. Brown ledová káva 250ml\n                </a>\n            <p class=\"product-item-price product-in-discount\">\n                <span class=\"price-before-discount\">\n\t\t\t\t\t<span><strong class=\"price\">44,90 Kč</strong></span>\n\t\t\t\t</span>\n<strong class=\"price\">29,90 Kč</strong>\n\n            </p>\n            <p class=\"product-item-unit\">\n                    (<strong class=\"price\">119,60 Kč</strong> / l)\n            </p>\n                        <div class=\"product-list-rating\">\n            </div>\n<div id=\"snippet-productWidget-widgetCarousel-1akce-buy-2941-quantity\">        <div class=\"product-quantity-control\">\n            <form action=\"/\" method=\"post\" class=\"ajax\" id=\"frm-productWidget-widgetCarousel-1akce-buy-2941-quantityForm\">\n                <input type=\"text\" name=\"quantity\" size=\"3\" id=\"frm-productWidget-widgetCarousel-1akce-buy-2941-quantityForm-quantity\" data-nette-rules=\"[{&quot;op&quot;:&quot;:integer&quot;,&quot;msg&quot;:&quot;Množství musí být číslo.&quot;}]\" value=\"1\" tabindex=\"-1\">\n                <input type=\"submit\" name=\"_submit\" value=\"Přidat\" class=\"product-quantity-control-submit plus\" tabindex=\"-1\">\n            <input type=\"hidden\" name=\"do\" value=\"productWidget-widgetCarousel-1akce-buy-2941-quantityForm-submit\" tabindex=\"-1\"><!--[if IE]><input type=IEbug disabled style=\"display:none\"><![endif]-->\n</form>\n\n        </div>\n</div>\n\n        </div>\n\n        \n    </div><div id=\"product-append-7638\" class=\"product-item slick-slide\" style=\"width: 253px;\" data-slick-index=\"8\" aria-hidden=\"true\" tabindex=\"-1\" role=\"option\" aria-describedby=\"slick-slide08\">\n        <div class=\"product-item-flags\">\n            <div class=\"flag-sale \">\n                <span class=\"percents\">31<small>%</small></span>\n            </div>\n        </div>\n        <div class=\"product-item-image\">\n                <a data-href=\"/?productWidget-widgetCarousel-1akce-id=7638&amp;do=productWidget-widgetCarousel-1akce-modal\" data-target=\"productWidget-widgetCarousel-1akce-productModal\" onclick=\"kosikAjax.click(this)\" tabindex=\"-1\">\n                    <img src=\"https://cdn.kosik.cz/content/product/jpg/list/empty.jpg\" data-src=\"https://cdn.kosik.cz/content/product/jpg/list/12736.jpg\" alt=\"Salát Rukola 125g\" class=\"loading-images loading-image\">\n                </a>\n\n\n\n\n        </div>\n                <div class=\"product-item-info\">\n                <a data-href=\"/?productWidget-widgetCarousel-1akce-id=7638&amp;do=productWidget-widgetCarousel-1akce-modal\" class=\"product-name modal-link\" data-target=\"productWidget-widgetCarousel-1akce-productModal\" onclick=\"kosikAjax.click(this)\" tabindex=\"-1\">\n                    Salát Rukola 125g\n                </a>\n            <p class=\"product-item-price product-in-discount\">\n                <span class=\"price-before-discount\">\n\t\t\t\t\t<span><strong class=\"price\">31,90 Kč</strong></span>\n\t\t\t\t</span>\n<strong class=\"price\">21,90 Kč</strong>\n\n            </p>\n            <p class=\"product-item-unit\">\n                    (<strong class=\"price\">175,20 Kč</strong> / kg)\n            </p>\n                        <div class=\"product-list-rating\">\n                <span><ul class=\"rating\"><li class=\"rating-children rating-1 up\" data-rating=\"1\"><i class=\"fa fa-star\"></i></li><li class=\"rating-children rating-2 up\" data-rating=\"2\"><i class=\"fa fa-star\"></i></li><li class=\"rating-children rating-3 up\" data-rating=\"3\"><i class=\"fa fa-star\"></i></li><li class=\"rating-children rating-4 up\" data-rating=\"4\"><i class=\"fa fa-star\"></i></li><li class=\"rating-children rating-5 up\" data-rating=\"5\"><i class=\"fa fa-star\"></i></li></ul></span>\n            </div>\n<div id=\"snippet-productWidget-widgetCarousel-1akce-buy-7638-quantity\">        <div class=\"product-quantity-control\">\n            <form action=\"/\" method=\"post\" class=\"ajax\" id=\"frm-productWidget-widgetCarousel-1akce-buy-7638-quantityForm\">\n                <input type=\"text\" name=\"quantity\" size=\"3\" id=\"frm-productWidget-widgetCarousel-1akce-buy-7638-quantityForm-quantity\" data-nette-rules=\"[{&quot;op&quot;:&quot;:integer&quot;,&quot;msg&quot;:&quot;Množství musí být číslo.&quot;}]\" value=\"1\" tabindex=\"-1\">\n                <input type=\"submit\" name=\"_submit\" value=\"Přidat\" class=\"product-quantity-control-submit plus\" tabindex=\"-1\">\n            <input type=\"hidden\" name=\"do\" value=\"productWidget-widgetCarousel-1akce-buy-7638-quantityForm-submit\" tabindex=\"-1\"><!--[if IE]><input type=IEbug disabled style=\"display:none\"><![endif]-->\n</form>\n\n        </div>\n</div>\n\n        </div>\n\n        \n    </div><div id=\"product-append-29783\" class=\"product-item slick-slide\" style=\"width: 253px;\" data-slick-index=\"9\" aria-hidden=\"true\" tabindex=\"-1\" role=\"option\" aria-describedby=\"slick-slide09\">\n        <div class=\"product-item-flags\">\n            <div class=\"flag-sale \">\n                <span class=\"percents\">16<small>%</small></span>\n            </div>\n        </div>\n        <div class=\"product-item-image\">\n                <a data-href=\"/?productWidget-widgetCarousel-1akce-id=29783&amp;do=productWidget-widgetCarousel-1akce-modal\" data-target=\"productWidget-widgetCarousel-1akce-productModal\" onclick=\"kosikAjax.click(this)\" tabindex=\"-1\">\n                    <img src=\"https://cdn.kosik.cz/content/product/jpg/list/empty.jpg\" data-src=\"https://cdn.kosik.cz/content/product/jpg/list/47171.jpg\" alt=\"Bohemia Kotlíkové brambůrky Mořská sůl a rozmarýn 120g\" class=\"loading-images loading-image\">\n                </a>\n\n\n\n\n        </div>\n                <div class=\"product-item-info\">\n                <a data-href=\"/?productWidget-widgetCarousel-1akce-id=29783&amp;do=productWidget-widgetCarousel-1akce-modal\" class=\"product-name modal-link\" data-target=\"productWidget-widgetCarousel-1akce-productModal\" onclick=\"kosikAjax.click(this)\" tabindex=\"-1\">\n                    Bohemia Kotlíkové brambůrky Mořská sůl a rozmarýn 120g\n                </a>\n            <p class=\"product-item-price product-in-discount\">\n                <span class=\"price-before-discount\">\n\t\t\t\t\t<span><strong class=\"price\">49,90 Kč</strong></span>\n\t\t\t\t</span>\n<strong class=\"price\">41,90 Kč</strong>\n\n            </p>\n            <p class=\"product-item-unit\">\n                    (<strong class=\"price\">349,20 Kč</strong> / kg)\n            </p>\n                        <div class=\"product-list-rating\">\n            </div>\n<div id=\"snippet-productWidget-widgetCarousel-1akce-buy-29783-quantity\">        <div class=\"product-quantity-control\">\n            <form action=\"/\" method=\"post\" class=\"ajax\" id=\"frm-productWidget-widgetCarousel-1akce-buy-29783-quantityForm\">\n                <input type=\"text\" name=\"quantity\" size=\"3\" id=\"frm-productWidget-widgetCarousel-1akce-buy-29783-quantityForm-quantity\" data-nette-rules=\"[{&quot;op&quot;:&quot;:integer&quot;,&quot;msg&quot;:&quot;Množství musí být číslo.&quot;}]\" value=\"1\" tabindex=\"-1\">\n                <input type=\"submit\" name=\"_submit\" value=\"Přidat\" class=\"product-quantity-control-submit plus\" tabindex=\"-1\">\n            <input type=\"hidden\" name=\"do\" value=\"productWidget-widgetCarousel-1akce-buy-29783-quantityForm-submit\" tabindex=\"-1\"><!--[if IE]><input type=IEbug disabled style=\"display:none\"><![endif]-->\n</form>\n\n        </div>\n</div>\n\n        </div>\n\n        \n    </div><div id=\"product-append-19984\" class=\"product-item slick-slide\" style=\"width: 253px;\" data-slick-index=\"10\" aria-hidden=\"true\" tabindex=\"-1\" role=\"option\" aria-describedby=\"slick-slide010\">\n        <div class=\"product-item-flags\">\n            <div class=\"flag-sale \">\n                <span class=\"percents\">29<small>%</small></span>\n            </div>\n        </div>\n        <div class=\"product-item-image\">\n                <a data-href=\"/?productWidget-widgetCarousel-1akce-id=19984&amp;do=productWidget-widgetCarousel-1akce-modal\" data-target=\"productWidget-widgetCarousel-1akce-productModal\" onclick=\"kosikAjax.click(this)\" tabindex=\"-1\">\n                    <img src=\"https://cdn.kosik.cz/content/product/jpg/list/empty.jpg\" data-src=\"https://cdn.kosik.cz/content/product/jpg/list/37236.jpg\" alt=\"Frosta Kuskus se zeleninou na orientální způsob 500g\" class=\"loading-images loading-image\">\n                </a>\n\n\n\n\n        </div>\n                <div class=\"product-item-info\">\n                <a data-href=\"/?productWidget-widgetCarousel-1akce-id=19984&amp;do=productWidget-widgetCarousel-1akce-modal\" class=\"product-name modal-link\" data-target=\"productWidget-widgetCarousel-1akce-productModal\" onclick=\"kosikAjax.click(this)\" tabindex=\"-1\">\n                    Frosta Kuskus se zeleninou na orientální způsob 500g\n                </a>\n            <p class=\"product-item-price product-in-discount\">\n                <span class=\"price-before-discount\">\n\t\t\t\t\t<span><strong class=\"price\">58,90 Kč</strong></span>\n\t\t\t\t</span>\n<strong class=\"price\">41,90 Kč</strong>\n\n            </p>\n            <p class=\"product-item-unit\">\n                    (<strong class=\"price\">83,80 Kč</strong> / kg)\n            </p>\n                        <div class=\"product-list-rating\">\n            </div>\n<div id=\"snippet-productWidget-widgetCarousel-1akce-buy-19984-quantity\">        <div class=\"product-quantity-control\">\n            <form action=\"/\" method=\"post\" class=\"ajax\" id=\"frm-productWidget-widgetCarousel-1akce-buy-19984-quantityForm\">\n                <input type=\"text\" name=\"quantity\" size=\"3\" id=\"frm-productWidget-widgetCarousel-1akce-buy-19984-quantityForm-quantity\" data-nette-rules=\"[{&quot;op&quot;:&quot;:integer&quot;,&quot;msg&quot;:&quot;Množství musí být číslo.&quot;}]\" value=\"1\" tabindex=\"-1\">\n                <input type=\"submit\" name=\"_submit\" value=\"Přidat\" class=\"product-quantity-control-submit plus\" tabindex=\"-1\">\n            <input type=\"hidden\" name=\"do\" value=\"productWidget-widgetCarousel-1akce-buy-19984-quantityForm-submit\" tabindex=\"-1\"><!--[if IE]><input type=IEbug disabled style=\"display:none\"><![endif]-->\n</form>\n\n        </div>\n</div>\n\n        </div>\n\n        \n    </div><div id=\"product-append-532\" class=\"product-item slick-slide\" style=\"width: 253px;\" data-slick-index=\"11\" aria-hidden=\"true\" tabindex=\"-1\" role=\"option\" aria-describedby=\"slick-slide011\">\n        <div class=\"product-item-flags\">\n            <div class=\"flag-sale \">\n                <span class=\"percents\">30<small>%</small></span>\n            </div>\n        </div>\n        <div class=\"product-item-image\">\n                <a data-href=\"/?productWidget-widgetCarousel-1akce-id=532&amp;do=productWidget-widgetCarousel-1akce-modal\" data-target=\"productWidget-widgetCarousel-1akce-productModal\" onclick=\"kosikAjax.click(this)\" tabindex=\"-1\">\n                    <img src=\"https://cdn.kosik.cz/content/product/jpg/list/empty.jpg\" data-src=\"https://cdn.kosik.cz/content/product/jpg/list/559.jpg\" alt=\"Olma Dezert Pudingový se šlehačkou čokoládový 200g\" class=\"loading-images loading-image\">\n                </a>\n\n\n\n\n        </div>\n                <div class=\"product-item-info\">\n                <a data-href=\"/?productWidget-widgetCarousel-1akce-id=532&amp;do=productWidget-widgetCarousel-1akce-modal\" class=\"product-name modal-link\" data-target=\"productWidget-widgetCarousel-1akce-productModal\" onclick=\"kosikAjax.click(this)\" tabindex=\"-1\">\n                    Olma Dezert Pudingový se šlehačkou čokoládový 200g\n                </a>\n            <p class=\"product-item-price product-in-discount\">\n                <span class=\"price-before-discount\">\n\t\t\t\t\t<span><strong class=\"price\">9,90 Kč</strong></span>\n\t\t\t\t</span>\n<strong class=\"price\">6,90 Kč</strong>\n\n            </p>\n            <p class=\"product-item-unit\">\n                    (<strong class=\"price\">34,50 Kč</strong> / kg)\n            </p>\n                        <div class=\"product-list-rating\">\n            </div>\n<div id=\"snippet-productWidget-widgetCarousel-1akce-buy-532-quantity\">        <div class=\"product-quantity-control\">\n            <form action=\"/\" method=\"post\" class=\"ajax\" id=\"frm-productWidget-widgetCarousel-1akce-buy-532-quantityForm\">\n                <input type=\"text\" name=\"quantity\" size=\"3\" id=\"frm-productWidget-widgetCarousel-1akce-buy-532-quantityForm-quantity\" data-nette-rules=\"[{&quot;op&quot;:&quot;:integer&quot;,&quot;msg&quot;:&quot;Množství musí být číslo.&quot;}]\" value=\"1\" tabindex=\"-1\">\n                <input type=\"submit\" name=\"_submit\" value=\"Přidat\" class=\"product-quantity-control-submit plus\" tabindex=\"-1\">\n            <input type=\"hidden\" name=\"do\" value=\"productWidget-widgetCarousel-1akce-buy-532-quantityForm-submit\" tabindex=\"-1\"><!--[if IE]><input type=IEbug disabled style=\"display:none\"><![endif]-->\n</form>\n\n        </div>\n</div>\n\n        </div>\n\n        \n    </div><div id=\"product-append-7764\" class=\"product-item slick-slide\" style=\"width: 253px;\" data-slick-index=\"12\" aria-hidden=\"true\" tabindex=\"-1\" role=\"option\" aria-describedby=\"slick-slide012\">\n        <div class=\"product-item-flags\">\n            <div class=\"flag-sale \">\n                <span class=\"percents\">18<small>%</small></span>\n            </div>\n        </div>\n        <div class=\"product-item-image\">\n                <a data-href=\"/?productWidget-widgetCarousel-1akce-id=7764&amp;do=productWidget-widgetCarousel-1akce-modal\" data-target=\"productWidget-widgetCarousel-1akce-productModal\" onclick=\"kosikAjax.click(this)\" tabindex=\"-1\">\n                    <img src=\"https://cdn.kosik.cz/content/product/jpg/list/empty.jpg\" data-src=\"https://cdn.kosik.cz/content/product/jpg/list/13085.jpg\" alt=\"Mlékárna Valašské Meziříčí Kefírové mléko nízkotučné jahodové 450g\" class=\"loading-images loading-image\">\n                </a>\n\n\n\n\n        </div>\n                <div class=\"product-item-info\">\n                <a data-href=\"/?productWidget-widgetCarousel-1akce-id=7764&amp;do=productWidget-widgetCarousel-1akce-modal\" class=\"product-name modal-link\" data-target=\"productWidget-widgetCarousel-1akce-productModal\" onclick=\"kosikAjax.click(this)\" tabindex=\"-1\">\n                    Mlékárna Valašské Meziříčí Kefírové mléko nízkotučné jahodové 450g\n                </a>\n            <p class=\"product-item-price product-in-discount\">\n                <span class=\"price-before-discount\">\n\t\t\t\t\t<span><strong class=\"price\">16,90 Kč</strong></span>\n\t\t\t\t</span>\n<strong class=\"price\">13,90 Kč</strong>\n\n            </p>\n            <p class=\"product-item-unit\">\n                    (<strong class=\"price\">30,90 Kč</strong> / kg)\n            </p>\n                        <div class=\"product-list-rating\">\n            </div>\n<div id=\"snippet-productWidget-widgetCarousel-1akce-buy-7764-quantity\">        <div class=\"product-quantity-control\">\n            <form action=\"/\" method=\"post\" class=\"ajax\" id=\"frm-productWidget-widgetCarousel-1akce-buy-7764-quantityForm\">\n                <input type=\"text\" name=\"quantity\" size=\"3\" id=\"frm-productWidget-widgetCarousel-1akce-buy-7764-quantityForm-quantity\" data-nette-rules=\"[{&quot;op&quot;:&quot;:integer&quot;,&quot;msg&quot;:&quot;Množství musí být číslo.&quot;}]\" value=\"1\" tabindex=\"-1\">\n                <input type=\"submit\" name=\"_submit\" value=\"Přidat\" class=\"product-quantity-control-submit plus\" tabindex=\"-1\">\n            <input type=\"hidden\" name=\"do\" value=\"productWidget-widgetCarousel-1akce-buy-7764-quantityForm-submit\" tabindex=\"-1\"><!--[if IE]><input type=IEbug disabled style=\"display:none\"><![endif]-->\n</form>\n\n        </div>\n</div>\n\n        </div>\n\n        \n    </div><div id=\"product-append-24775\" class=\"product-item slick-slide\" style=\"width: 253px;\" data-slick-index=\"13\" aria-hidden=\"true\" tabindex=\"-1\" role=\"option\" aria-describedby=\"slick-slide013\">\n        <div class=\"product-item-flags\">\n            <div class=\"flag-sale \">\n                <span class=\"percents\">20<small>%</small></span>\n            </div>\n        </div>\n        <div class=\"product-item-image\">\n                <a data-href=\"/?productWidget-widgetCarousel-1akce-id=24775&amp;do=productWidget-widgetCarousel-1akce-modal\" data-target=\"productWidget-widgetCarousel-1akce-productModal\" onclick=\"kosikAjax.click(this)\" tabindex=\"-1\">\n                    <img src=\"https://cdn.kosik.cz/content/product/jpg/list/empty.jpg\" data-src=\"https://cdn.kosik.cz/content/product/jpg/list/42042.jpg\" alt=\"Meggle Bezlaktózový čerstvý sýr 180g\" class=\"loading-images loading-image\">\n                </a>\n\n\n\n\n        </div>\n                <div class=\"product-item-info\">\n                <a data-href=\"/?productWidget-widgetCarousel-1akce-id=24775&amp;do=productWidget-widgetCarousel-1akce-modal\" class=\"product-name modal-link\" data-target=\"productWidget-widgetCarousel-1akce-productModal\" onclick=\"kosikAjax.click(this)\" tabindex=\"-1\">\n                    Meggle Bezlaktózový čerstvý sýr 180g\n                </a>\n            <p class=\"product-item-price product-in-discount\">\n                <span class=\"price-before-discount\">\n\t\t\t\t\t<span><strong class=\"price\">29,90 Kč</strong></span>\n\t\t\t\t</span>\n<strong class=\"price\">23,90 Kč</strong>\n\n            </p>\n            <p class=\"product-item-unit\">\n                    (<strong class=\"price\">132,80 Kč</strong> / kg)\n            </p>\n                        <div class=\"product-list-rating\">\n                <span><ul class=\"rating\"><li class=\"rating-children rating-1 up\" data-rating=\"1\"><i class=\"fa fa-star\"></i></li><li class=\"rating-children rating-2 up\" data-rating=\"2\"><i class=\"fa fa-star\"></i></li><li class=\"rating-children rating-3 up\" data-rating=\"3\"><i class=\"fa fa-star\"></i></li><li class=\"rating-children rating-4 up\" data-rating=\"4\"><i class=\"fa fa-star\"></i></li><li class=\"rating-children rating-5 up\" data-rating=\"5\"><i class=\"fa fa-star\"></i></li></ul></span>\n            </div>\n<div id=\"snippet-productWidget-widgetCarousel-1akce-buy-24775-quantity\">        <div class=\"product-quantity-control\">\n            <form action=\"/\" method=\"post\" class=\"ajax\" id=\"frm-productWidget-widgetCarousel-1akce-buy-24775-quantityForm\">\n                <input type=\"text\" name=\"quantity\" size=\"3\" id=\"frm-productWidget-widgetCarousel-1akce-buy-24775-quantityForm-quantity\" data-nette-rules=\"[{&quot;op&quot;:&quot;:integer&quot;,&quot;msg&quot;:&quot;Množství musí být číslo.&quot;}]\" value=\"1\" tabindex=\"-1\">\n                <input type=\"submit\" name=\"_submit\" value=\"Přidat\" class=\"product-quantity-control-submit plus\" tabindex=\"-1\">\n            <input type=\"hidden\" name=\"do\" value=\"productWidget-widgetCarousel-1akce-buy-24775-quantityForm-submit\" tabindex=\"-1\"><!--[if IE]><input type=IEbug disabled style=\"display:none\"><![endif]-->\n</form>\n\n        </div>\n</div>\n\n        </div>\n\n        \n    </div><div id=\"product-append-682\" class=\"product-item slick-slide\" style=\"width: 253px;\" data-slick-index=\"14\" aria-hidden=\"true\" tabindex=\"-1\" role=\"option\" aria-describedby=\"slick-slide014\">\n        <div class=\"product-item-flags\">\n            <div class=\"flag-sale \">\n                <span class=\"percents\">20<small>%</small></span>\n            </div>\n        </div>\n        <div class=\"product-item-image\">\n                <a data-href=\"/?productWidget-widgetCarousel-1akce-id=682&amp;do=productWidget-widgetCarousel-1akce-modal\" data-target=\"productWidget-widgetCarousel-1akce-productModal\" onclick=\"kosikAjax.click(this)\" tabindex=\"-1\">\n                    <img src=\"https://cdn.kosik.cz/content/product/jpg/list/empty.jpg\" data-src=\"https://cdn.kosik.cz/content/product/jpg/list/714.jpg\" alt=\"Šumavský Eidam 30% plátky 100g\" class=\"loading-images loading-image\">\n                </a>\n\n\n\n\n        </div>\n                <div class=\"product-item-info\">\n                <a data-href=\"/?productWidget-widgetCarousel-1akce-id=682&amp;do=productWidget-widgetCarousel-1akce-modal\" class=\"product-name modal-link\" data-target=\"productWidget-widgetCarousel-1akce-productModal\" onclick=\"kosikAjax.click(this)\" tabindex=\"-1\">\n                    Šumavský Eidam 30% plátky 100g\n                </a>\n            <p class=\"product-item-price product-in-discount\">\n                <span class=\"price-before-discount\">\n\t\t\t\t\t<span><strong class=\"price\">24,90 Kč</strong></span>\n\t\t\t\t</span>\n<strong class=\"price\">19,90 Kč</strong>\n\n            </p>\n            <p class=\"product-item-unit\">\n                    (<strong class=\"price\">199,00 Kč</strong> / kg)\n            </p>\n                        <div class=\"product-list-rating\">\n            </div>\n<div id=\"snippet-productWidget-widgetCarousel-1akce-buy-682-quantity\">        <div class=\"product-quantity-control\">\n            <form action=\"/\" method=\"post\" class=\"ajax\" id=\"frm-productWidget-widgetCarousel-1akce-buy-682-quantityForm\">\n                <input type=\"text\" name=\"quantity\" size=\"3\" id=\"frm-productWidget-widgetCarousel-1akce-buy-682-quantityForm-quantity\" data-nette-rules=\"[{&quot;op&quot;:&quot;:integer&quot;,&quot;msg&quot;:&quot;Množství musí být číslo.&quot;}]\" value=\"1\" tabindex=\"-1\">\n                <input type=\"submit\" name=\"_submit\" value=\"Přidat\" class=\"product-quantity-control-submit plus\" tabindex=\"-1\">\n            <input type=\"hidden\" name=\"do\" value=\"productWidget-widgetCarousel-1akce-buy-682-quantityForm-submit\" tabindex=\"-1\"><!--[if IE]><input type=IEbug disabled style=\"display:none\"><![endif]-->\n</form>\n\n        </div>\n</div>\n\n        </div>\n\n        \n    </div><div id=\"product-append-7964\" class=\"product-item slick-slide\" style=\"width: 253px;\" data-slick-index=\"15\" aria-hidden=\"true\" tabindex=\"-1\" role=\"option\" aria-describedby=\"slick-slide015\">\n        <div class=\"product-item-flags\">\n            <div class=\"flag-sale \">\n                <span class=\"percents\">20<small>%</small></span>\n            </div>\n        </div>\n        <div class=\"product-item-image\">\n                <a data-href=\"/?productWidget-widgetCarousel-1akce-id=7964&amp;do=productWidget-widgetCarousel-1akce-modal\" data-target=\"productWidget-widgetCarousel-1akce-productModal\" onclick=\"kosikAjax.click(this)\" tabindex=\"-1\">\n                    <img src=\"https://cdn.kosik.cz/content/product/jpg/list/empty.jpg\" data-src=\"https://cdn.kosik.cz/content/product/jpg/list/13486.jpg\" alt=\"Kiri z tvarohu a smetany 6 porcí 100g\" class=\"loading-images loading-image\">\n                </a>\n\n\n\n\n        </div>\n                <div class=\"product-item-info\">\n                <a data-href=\"/?productWidget-widgetCarousel-1akce-id=7964&amp;do=productWidget-widgetCarousel-1akce-modal\" class=\"product-name modal-link\" data-target=\"productWidget-widgetCarousel-1akce-productModal\" onclick=\"kosikAjax.click(this)\" tabindex=\"-1\">\n                    Kiri z tvarohu a smetany 6 porcí 100g\n                </a>\n            <p class=\"product-item-price product-in-discount\">\n                <span class=\"price-before-discount\">\n\t\t\t\t\t<span><strong class=\"price\">29,90 Kč</strong></span>\n\t\t\t\t</span>\n<strong class=\"price\">23,90 Kč</strong>\n\n            </p>\n            <p class=\"product-item-unit\">\n                    (<strong class=\"price\">239,00 Kč</strong> / kg)\n            </p>\n                        <div class=\"product-list-rating\">\n            </div>\n<div id=\"snippet-productWidget-widgetCarousel-1akce-buy-7964-quantity\">        <div class=\"product-quantity-control\">\n            <form action=\"/\" method=\"post\" class=\"ajax\" id=\"frm-productWidget-widgetCarousel-1akce-buy-7964-quantityForm\">\n                <input type=\"text\" name=\"quantity\" size=\"3\" id=\"frm-productWidget-widgetCarousel-1akce-buy-7964-quantityForm-quantity\" data-nette-rules=\"[{&quot;op&quot;:&quot;:integer&quot;,&quot;msg&quot;:&quot;Množství musí být číslo.&quot;}]\" value=\"1\" tabindex=\"-1\">\n                <input type=\"submit\" name=\"_submit\" value=\"Přidat\" class=\"product-quantity-control-submit plus\" tabindex=\"-1\">\n            <input type=\"hidden\" name=\"do\" value=\"productWidget-widgetCarousel-1akce-buy-7964-quantityForm-submit\" tabindex=\"-1\"><!--[if IE]><input type=IEbug disabled style=\"display:none\"><![endif]-->\n</form>\n\n        </div>\n</div>\n\n        </div>\n\n        \n    </div><div id=\"product-append-713\" class=\"product-item slick-slide\" style=\"width: 253px;\" data-slick-index=\"16\" aria-hidden=\"true\" tabindex=\"-1\" role=\"option\" aria-describedby=\"slick-slide016\">\n        <div class=\"product-item-flags\">\n            <div class=\"flag-sale \">\n                <span class=\"percents\">27<small>%</small></span>\n            </div>\n        </div>\n        <div class=\"product-item-image\">\n                <a data-href=\"/?productWidget-widgetCarousel-1akce-id=713&amp;do=productWidget-widgetCarousel-1akce-modal\" data-target=\"productWidget-widgetCarousel-1akce-productModal\" onclick=\"kosikAjax.click(this)\" tabindex=\"-1\">\n                    <img src=\"https://cdn.kosik.cz/content/product/jpg/list/empty.jpg\" data-src=\"https://cdn.kosik.cz/content/product/jpg/list/746.jpg\" alt=\"Madeta Romadur Měkký zrající sýr 100g\" class=\"loading-images loading-image\">\n                </a>\n\n\n\n\n        </div>\n                <div class=\"product-item-info\">\n                <a data-href=\"/?productWidget-widgetCarousel-1akce-id=713&amp;do=productWidget-widgetCarousel-1akce-modal\" class=\"product-name modal-link\" data-target=\"productWidget-widgetCarousel-1akce-productModal\" onclick=\"kosikAjax.click(this)\" tabindex=\"-1\">\n                    Madeta Romadur Měkký zrající sýr 100g\n                </a>\n            <p class=\"product-item-price product-in-discount\">\n                <span class=\"price-before-discount\">\n\t\t\t\t\t<span><strong class=\"price\">29,90 Kč</strong></span>\n\t\t\t\t</span>\n<strong class=\"price\">21,90 Kč</strong>\n\n            </p>\n            <p class=\"product-item-unit\">\n                    (<strong class=\"price\">219,00 Kč</strong> / kg)\n            </p>\n                        <div class=\"product-list-rating\">\n                <span><ul class=\"rating\"><li class=\"rating-children rating-1 up\" data-rating=\"1\"><i class=\"fa fa-star\"></i></li><li class=\"rating-children rating-2 up\" data-rating=\"2\"><i class=\"fa fa-star\"></i></li><li class=\"rating-children rating-3 up\" data-rating=\"3\"><i class=\"fa fa-star\"></i></li><li class=\"rating-children rating-4 up\" data-rating=\"4\"><i class=\"fa fa-star\"></i></li><li class=\"rating-children rating-5 up\" data-rating=\"5\"><i class=\"fa fa-star\"></i></li></ul></span>\n            </div>\n<div id=\"snippet-productWidget-widgetCarousel-1akce-buy-713-quantity\">        <div class=\"product-quantity-control\">\n            <form action=\"/\" method=\"post\" class=\"ajax\" id=\"frm-productWidget-widgetCarousel-1akce-buy-713-quantityForm\">\n                <input type=\"text\" name=\"quantity\" size=\"3\" id=\"frm-productWidget-widgetCarousel-1akce-buy-713-quantityForm-quantity\" data-nette-rules=\"[{&quot;op&quot;:&quot;:integer&quot;,&quot;msg&quot;:&quot;Množství musí být číslo.&quot;}]\" value=\"1\" tabindex=\"-1\">\n                <input type=\"submit\" name=\"_submit\" value=\"Přidat\" class=\"product-quantity-control-submit plus\" tabindex=\"-1\">\n            <input type=\"hidden\" name=\"do\" value=\"productWidget-widgetCarousel-1akce-buy-713-quantityForm-submit\" tabindex=\"-1\"><!--[if IE]><input type=IEbug disabled style=\"display:none\"><![endif]-->\n</form>\n\n        </div>\n</div>\n\n        </div>\n\n        \n    </div><div id=\"product-append-620\" class=\"product-item slick-slide\" style=\"width: 253px;\" data-slick-index=\"17\" aria-hidden=\"true\" tabindex=\"-1\" role=\"option\" aria-describedby=\"slick-slide017\">\n        <div class=\"product-item-flags\">\n            <div class=\"flag-sale \">\n                <span class=\"percents\">21<small>%</small></span>\n            </div>\n        </div>\n        <div class=\"product-item-image\">\n                <a data-href=\"/?productWidget-widgetCarousel-1akce-id=620&amp;do=productWidget-widgetCarousel-1akce-modal\" data-target=\"productWidget-widgetCarousel-1akce-productModal\" onclick=\"kosikAjax.click(this)\" tabindex=\"-1\">\n                    <img src=\"https://cdn.kosik.cz/content/product/jpg/list/empty.jpg\" data-src=\"https://cdn.kosik.cz/content/product/jpg/list/648.jpg\" alt=\"Rama máslová příchuť 400g\" class=\"loading-images loading-image\">\n                </a>\n\n\n\n\n        </div>\n                <div class=\"product-item-info\">\n                <a data-href=\"/?productWidget-widgetCarousel-1akce-id=620&amp;do=productWidget-widgetCarousel-1akce-modal\" class=\"product-name modal-link\" data-target=\"productWidget-widgetCarousel-1akce-productModal\" onclick=\"kosikAjax.click(this)\" tabindex=\"-1\">\n                    Rama máslová příchuť 400g\n                </a>\n            <p class=\"product-item-price product-in-discount\">\n                <span class=\"price-before-discount\">\n\t\t\t\t\t<span><strong class=\"price\">43,90 Kč</strong></span>\n\t\t\t\t</span>\n<strong class=\"price\">34,90 Kč</strong>\n\n            </p>\n            <p class=\"product-item-unit\">\n                    (<strong class=\"price\">87,30 Kč</strong> / kg)\n            </p>\n                        <div class=\"product-list-rating\">\n            </div>\n<div id=\"snippet-productWidget-widgetCarousel-1akce-buy-620-quantity\">        <div class=\"product-quantity-control\">\n            <form action=\"/\" method=\"post\" class=\"ajax\" id=\"frm-productWidget-widgetCarousel-1akce-buy-620-quantityForm\">\n                <input type=\"text\" name=\"quantity\" size=\"3\" id=\"frm-productWidget-widgetCarousel-1akce-buy-620-quantityForm-quantity\" data-nette-rules=\"[{&quot;op&quot;:&quot;:integer&quot;,&quot;msg&quot;:&quot;Množství musí být číslo.&quot;}]\" value=\"1\" tabindex=\"-1\">\n                <input type=\"submit\" name=\"_submit\" value=\"Přidat\" class=\"product-quantity-control-submit plus\" tabindex=\"-1\">\n            <input type=\"hidden\" name=\"do\" value=\"productWidget-widgetCarousel-1akce-buy-620-quantityForm-submit\" tabindex=\"-1\"><!--[if IE]><input type=IEbug disabled style=\"display:none\"><![endif]-->\n</form>\n\n        </div>\n</div>\n\n        </div>\n\n        \n    </div><div id=\"product-append-9488\" class=\"product-item slick-slide\" style=\"width: 253px;\" data-slick-index=\"18\" aria-hidden=\"true\" tabindex=\"-1\" role=\"option\" aria-describedby=\"slick-slide018\">\n        <div class=\"product-item-flags\">\n            <div class=\"flag-sale \">\n                <span class=\"percents\">15<small>%</small></span>\n            </div>\n        </div>\n        <div class=\"product-item-image\">\n                <a data-href=\"/?productWidget-widgetCarousel-1akce-id=9488&amp;do=productWidget-widgetCarousel-1akce-modal\" data-target=\"productWidget-widgetCarousel-1akce-productModal\" onclick=\"kosikAjax.click(this)\" tabindex=\"-1\">\n                    <img src=\"https://cdn.kosik.cz/content/product/jpg/list/empty.jpg\" data-src=\"https://cdn.kosik.cz/content/product/jpg/list/21070.jpg\" alt=\"Lunter Tofu natural 180g\" class=\"loading-images loading-image\">\n                </a>\n\n\n\n\n        </div>\n                <div class=\"product-item-info\">\n                <a data-href=\"/?productWidget-widgetCarousel-1akce-id=9488&amp;do=productWidget-widgetCarousel-1akce-modal\" class=\"product-name modal-link\" data-target=\"productWidget-widgetCarousel-1akce-productModal\" onclick=\"kosikAjax.click(this)\" tabindex=\"-1\">\n                    Lunter Tofu natural 180g\n                </a>\n            <p class=\"product-item-price product-in-discount\">\n                <span class=\"price-before-discount\">\n\t\t\t\t\t<span><strong class=\"price\">19,90 Kč</strong></span>\n\t\t\t\t</span>\n<strong class=\"price\">16,90 Kč</strong>\n\n            </p>\n            <p class=\"product-item-unit\">\n                    (<strong class=\"price\">93,90 Kč</strong> / kg)\n            </p>\n                        <div class=\"product-list-rating\">\n                <span><ul class=\"rating\"><li class=\"rating-children rating-1 up\" data-rating=\"1\"><i class=\"fa fa-star\"></i></li><li class=\"rating-children rating-2 up\" data-rating=\"2\"><i class=\"fa fa-star\"></i></li><li class=\"rating-children rating-3 up\" data-rating=\"3\"><i class=\"fa fa-star\"></i></li><li class=\"rating-children rating-4 up\" data-rating=\"4\"><i class=\"fa fa-star\"></i></li><li class=\"rating-children rating-5 up\" data-rating=\"5\"><i class=\"fa fa-star\"></i></li></ul></span>\n            </div>\n<div id=\"snippet-productWidget-widgetCarousel-1akce-buy-9488-quantity\">        <div class=\"product-quantity-control\">\n            <form action=\"/\" method=\"post\" class=\"ajax\" id=\"frm-productWidget-widgetCarousel-1akce-buy-9488-quantityForm\">\n                <input type=\"text\" name=\"quantity\" size=\"3\" id=\"frm-productWidget-widgetCarousel-1akce-buy-9488-quantityForm-quantity\" data-nette-rules=\"[{&quot;op&quot;:&quot;:integer&quot;,&quot;msg&quot;:&quot;Množství musí být číslo.&quot;}]\" value=\"1\" tabindex=\"-1\">\n                <input type=\"submit\" name=\"_submit\" value=\"Přidat\" class=\"product-quantity-control-submit plus\" tabindex=\"-1\">\n            <input type=\"hidden\" name=\"do\" value=\"productWidget-widgetCarousel-1akce-buy-9488-quantityForm-submit\" tabindex=\"-1\"><!--[if IE]><input type=IEbug disabled style=\"display:none\"><![endif]-->\n</form>\n\n        </div>\n</div>\n\n        </div>\n\n        \n    </div><div id=\"product-append-29121\" class=\"product-item slick-slide\" style=\"width: 253px;\" data-slick-index=\"19\" aria-hidden=\"true\" tabindex=\"-1\" role=\"option\" aria-describedby=\"slick-slide019\">\n        <div class=\"product-item-flags\">\n            <div class=\"flag-sale \">\n                <span class=\"percents\">26<small>%</small></span>\n            </div>\n        </div>\n        <div class=\"product-item-image\">\n                <a data-href=\"/?productWidget-widgetCarousel-1akce-id=29121&amp;do=productWidget-widgetCarousel-1akce-modal\" data-target=\"productWidget-widgetCarousel-1akce-productModal\" onclick=\"kosikAjax.click(this)\" tabindex=\"-1\">\n                    <img src=\"https://cdn.kosik.cz/content/product/jpg/list/empty.jpg\" data-src=\"https://cdn.kosik.cz/content/product/jpg/list/46496.jpg\" alt=\"St. Nicolaus Jubilejná Hruška 40% 0.5l\" class=\"loading-images loading-image\">\n                </a>\n\n\n\n\n        </div>\n                <div class=\"product-item-info\">\n                <a data-href=\"/?productWidget-widgetCarousel-1akce-id=29121&amp;do=productWidget-widgetCarousel-1akce-modal\" class=\"product-name modal-link\" data-target=\"productWidget-widgetCarousel-1akce-productModal\" onclick=\"kosikAjax.click(this)\" tabindex=\"-1\">\n                    St. Nicolaus Jubilejná Hruška 40% 0.5l\n                </a>\n            <p class=\"product-item-price product-in-discount\">\n                <span class=\"price-before-discount\">\n\t\t\t\t\t<span><strong class=\"price\">229,90 Kč</strong></span>\n\t\t\t\t</span>\n<strong class=\"price\">169,90 Kč</strong>\n\n            </p>\n            <p class=\"product-item-unit\">\n                    (<strong class=\"price\">339,80 Kč</strong> / l)\n            </p>\n                        <div class=\"product-list-rating\">\n            </div>\n<div id=\"snippet-productWidget-widgetCarousel-1akce-buy-29121-quantity\">        <div class=\"product-quantity-control\">\n            <form action=\"/\" method=\"post\" class=\"ajax\" id=\"frm-productWidget-widgetCarousel-1akce-buy-29121-quantityForm\">\n                <input type=\"text\" name=\"quantity\" size=\"3\" id=\"frm-productWidget-widgetCarousel-1akce-buy-29121-quantityForm-quantity\" data-nette-rules=\"[{&quot;op&quot;:&quot;:integer&quot;,&quot;msg&quot;:&quot;Množství musí být číslo.&quot;}]\" value=\"1\" tabindex=\"-1\">\n                <input type=\"submit\" name=\"_submit\" value=\"Přidat\" class=\"product-quantity-control-submit plus\" tabindex=\"-1\">\n            <input type=\"hidden\" name=\"do\" value=\"productWidget-widgetCarousel-1akce-buy-29121-quantityForm-submit\" tabindex=\"-1\"><!--[if IE]><input type=IEbug disabled style=\"display:none\"><![endif]-->\n</form>\n\n        </div>\n</div>\n\n        </div>\n\n        \n    </div><div id=\"product-append-26344\" class=\"product-item slick-slide\" style=\"width: 253px;\" data-slick-index=\"20\" aria-hidden=\"true\" tabindex=\"-1\" role=\"option\" aria-describedby=\"slick-slide020\">\n        <div class=\"product-item-flags\">\n            <div class=\"flag-sale \">\n                <span class=\"percents\">24<small>%</small></span>\n            </div>\n        </div>\n        <div class=\"product-item-image\">\n                <a data-href=\"/?productWidget-widgetCarousel-1akce-id=26344&amp;do=productWidget-widgetCarousel-1akce-modal\" data-target=\"productWidget-widgetCarousel-1akce-productModal\" onclick=\"kosikAjax.click(this)\" tabindex=\"-1\">\n                    <img src=\"https://cdn.kosik.cz/content/product/jpg/list/empty.jpg\" data-src=\"https://cdn.kosik.cz/content/product/jpg/list/43617.jpg\" alt=\"illy Espresso káva zrnková 250g\" class=\"loading-images loading-image\">\n                </a>\n\n\n\n\n        </div>\n                <div class=\"product-item-info\">\n                <a data-href=\"/?productWidget-widgetCarousel-1akce-id=26344&amp;do=productWidget-widgetCarousel-1akce-modal\" class=\"product-name modal-link\" data-target=\"productWidget-widgetCarousel-1akce-productModal\" onclick=\"kosikAjax.click(this)\" tabindex=\"-1\">\n                    illy Espresso káva zrnková 250g\n                </a>\n            <p class=\"product-item-price product-in-discount\">\n                <span class=\"price-before-discount\">\n\t\t\t\t\t<span><strong class=\"price\">249,90 Kč</strong></span>\n\t\t\t\t</span>\n<strong class=\"price\">189,90 Kč</strong>\n\n            </p>\n            <p class=\"product-item-unit\">\n                    (<strong class=\"price\">759,60 Kč</strong> / kg)\n            </p>\n                        <div class=\"product-list-rating\">\n            </div>\n<div id=\"snippet-productWidget-widgetCarousel-1akce-buy-26344-quantity\">        <div class=\"product-quantity-control\">\n            <form action=\"/\" method=\"post\" class=\"ajax\" id=\"frm-productWidget-widgetCarousel-1akce-buy-26344-quantityForm\">\n                <input type=\"text\" name=\"quantity\" size=\"3\" id=\"frm-productWidget-widgetCarousel-1akce-buy-26344-quantityForm-quantity\" data-nette-rules=\"[{&quot;op&quot;:&quot;:integer&quot;,&quot;msg&quot;:&quot;Množství musí být číslo.&quot;}]\" value=\"1\" tabindex=\"-1\">\n                <input type=\"submit\" name=\"_submit\" value=\"Přidat\" class=\"product-quantity-control-submit plus\" tabindex=\"-1\">\n            <input type=\"hidden\" name=\"do\" value=\"productWidget-widgetCarousel-1akce-buy-26344-quantityForm-submit\" tabindex=\"-1\"><!--[if IE]><input type=IEbug disabled style=\"display:none\"><![endif]-->\n</form>\n\n        </div>\n</div>\n\n        </div>\n\n        \n    </div><div id=\"product-append-11596\" class=\"product-item slick-slide\" style=\"width: 253px;\" data-slick-index=\"21\" aria-hidden=\"true\" tabindex=\"-1\" role=\"option\" aria-describedby=\"slick-slide021\">\n        <div class=\"product-item-flags\">\n            <div class=\"flag-sale \">\n                <span class=\"percents\">29<small>%</small></span>\n            </div>\n        </div>\n        <div class=\"product-item-image\">\n                <a data-href=\"/?productWidget-widgetCarousel-1akce-id=11596&amp;do=productWidget-widgetCarousel-1akce-modal\" data-target=\"productWidget-widgetCarousel-1akce-productModal\" onclick=\"kosikAjax.click(this)\" tabindex=\"-1\">\n                    <img src=\"https://cdn.kosik.cz/content/product/jpg/list/empty.jpg\" data-src=\"https://cdn.kosik.cz/content/product/jpg/list/29076.jpg\" alt=\"Giana Rajčatový protlak 140g\" class=\"loading-images loading-image\">\n                </a>\n\n\n\n\n        </div>\n                <div class=\"product-item-info\">\n                <a data-href=\"/?productWidget-widgetCarousel-1akce-id=11596&amp;do=productWidget-widgetCarousel-1akce-modal\" class=\"product-name modal-link\" data-target=\"productWidget-widgetCarousel-1akce-productModal\" onclick=\"kosikAjax.click(this)\" tabindex=\"-1\">\n                    Giana Rajčatový protlak 140g\n                </a>\n            <p class=\"product-item-price product-in-discount\">\n                <span class=\"price-before-discount\">\n\t\t\t\t\t<span><strong class=\"price\">13,90 Kč</strong></span>\n\t\t\t\t</span>\n<strong class=\"price\">9,90 Kč</strong>\n\n            </p>\n            <p class=\"product-item-unit\">\n                    (<strong class=\"price\">70,70 Kč</strong> / kg)\n            </p>\n                        <div class=\"product-list-rating\">\n            </div>\n<div id=\"snippet-productWidget-widgetCarousel-1akce-buy-11596-quantity\">        <div class=\"product-quantity-control\">\n            <form action=\"/\" method=\"post\" class=\"ajax\" id=\"frm-productWidget-widgetCarousel-1akce-buy-11596-quantityForm\">\n                <input type=\"text\" name=\"quantity\" size=\"3\" id=\"frm-productWidget-widgetCarousel-1akce-buy-11596-quantityForm-quantity\" data-nette-rules=\"[{&quot;op&quot;:&quot;:integer&quot;,&quot;msg&quot;:&quot;Množství musí být číslo.&quot;}]\" value=\"1\" tabindex=\"-1\">\n                <input type=\"submit\" name=\"_submit\" value=\"Přidat\" class=\"product-quantity-control-submit plus\" tabindex=\"-1\">\n            <input type=\"hidden\" name=\"do\" value=\"productWidget-widgetCarousel-1akce-buy-11596-quantityForm-submit\" tabindex=\"-1\"><!--[if IE]><input type=IEbug disabled style=\"display:none\"><![endif]-->\n</form>\n\n        </div>\n</div>\n\n        </div>\n\n        \n    </div><div id=\"product-append-2878\" class=\"product-item slick-slide\" style=\"width: 253px;\" data-slick-index=\"22\" aria-hidden=\"true\" tabindex=\"-1\" role=\"option\" aria-describedby=\"slick-slide022\">\n        <div class=\"product-item-flags\">\n            <div class=\"flag-sale \">\n                <span class=\"percents\">23<small>%</small></span>\n            </div>\n        </div>\n        <div class=\"product-item-image\">\n                <a data-href=\"/?productWidget-widgetCarousel-1akce-id=2878&amp;do=productWidget-widgetCarousel-1akce-modal\" data-target=\"productWidget-widgetCarousel-1akce-productModal\" onclick=\"kosikAjax.click(this)\" tabindex=\"-1\">\n                    <img src=\"https://cdn.kosik.cz/content/product/jpg/list/empty.jpg\" data-src=\"https://cdn.kosik.cz/content/product/jpg/list/2980.jpg\" alt=\"Vinea Bílá nealkoholický hroznový nápoj sycený 1,5l\" class=\"loading-images loading-image\">\n                </a>\n\n\n\n\n        </div>\n                <div class=\"product-item-info\">\n                <a data-href=\"/?productWidget-widgetCarousel-1akce-id=2878&amp;do=productWidget-widgetCarousel-1akce-modal\" class=\"product-name modal-link\" data-target=\"productWidget-widgetCarousel-1akce-productModal\" onclick=\"kosikAjax.click(this)\" tabindex=\"-1\">\n                    Vinea Bílá nealkoholický hroznový nápoj sycený 1,5l\n                </a>\n            <p class=\"product-item-price product-in-discount\">\n                <span class=\"price-before-discount\">\n\t\t\t\t\t<span><strong class=\"price\">29,90 Kč</strong></span>\n\t\t\t\t</span>\n<strong class=\"price\">22,90 Kč</strong>\n\n            </p>\n            <p class=\"product-item-unit\">\n                    (<strong class=\"price\">15,30 Kč</strong> / l)\n            </p>\n                        <div class=\"product-list-rating\">\n            </div>\n<div id=\"snippet-productWidget-widgetCarousel-1akce-buy-2878-quantity\">        <div class=\"product-quantity-control\">\n            <form action=\"/\" method=\"post\" class=\"ajax\" id=\"frm-productWidget-widgetCarousel-1akce-buy-2878-quantityForm\">\n                <input type=\"text\" name=\"quantity\" size=\"3\" id=\"frm-productWidget-widgetCarousel-1akce-buy-2878-quantityForm-quantity\" data-nette-rules=\"[{&quot;op&quot;:&quot;:integer&quot;,&quot;msg&quot;:&quot;Množství musí být číslo.&quot;}]\" value=\"1\" tabindex=\"-1\">\n                <input type=\"submit\" name=\"_submit\" value=\"Přidat\" class=\"product-quantity-control-submit plus\" tabindex=\"-1\">\n            <input type=\"hidden\" name=\"do\" value=\"productWidget-widgetCarousel-1akce-buy-2878-quantityForm-submit\" tabindex=\"-1\"><!--[if IE]><input type=IEbug disabled style=\"display:none\"><![endif]-->\n</form>\n\n        </div>\n</div>\n\n        </div>\n\n        \n    </div><div id=\"product-append-13942\" class=\"product-item slick-slide\" style=\"width: 253px;\" data-slick-index=\"23\" aria-hidden=\"true\" tabindex=\"-1\" role=\"option\" aria-describedby=\"slick-slide023\">\n        <div class=\"product-item-flags\">\n            <div class=\"flag-sale \">\n                <span class=\"percents\">20<small>%</small></span>\n            </div>\n        </div>\n        <div class=\"product-item-image\">\n                <a data-href=\"/?productWidget-widgetCarousel-1akce-id=13942&amp;do=productWidget-widgetCarousel-1akce-modal\" data-target=\"productWidget-widgetCarousel-1akce-productModal\" onclick=\"kosikAjax.click(this)\" tabindex=\"-1\">\n                    <img src=\"https://cdn.kosik.cz/content/product/jpg/list/empty.jpg\" data-src=\"https://cdn.kosik.cz/content/product/jpg/list/31195.jpg\" alt=\"BONITAS Bio Mandle 100g\" class=\"loading-images loading-image\">\n                </a>\n\n\n\n\n        </div>\n                <div class=\"product-item-info\">\n                <a data-href=\"/?productWidget-widgetCarousel-1akce-id=13942&amp;do=productWidget-widgetCarousel-1akce-modal\" class=\"product-name modal-link\" data-target=\"productWidget-widgetCarousel-1akce-productModal\" onclick=\"kosikAjax.click(this)\" tabindex=\"-1\">\n                    BONITAS Bio Mandle 100g\n                </a>\n            <p class=\"product-item-price product-in-discount\">\n                <span class=\"price-before-discount\">\n\t\t\t\t\t<span><strong class=\"price\">68,90 Kč</strong></span>\n\t\t\t\t</span>\n<strong class=\"price\">54,90 Kč</strong>\n\n            </p>\n            <p class=\"product-item-unit\">\n                    (<strong class=\"price\">549,00 Kč</strong> / kg)\n            </p>\n                        <div class=\"product-list-rating\">\n            </div>\n<div id=\"snippet-productWidget-widgetCarousel-1akce-buy-13942-quantity\">        <div class=\"product-quantity-control\">\n            <form action=\"/\" method=\"post\" class=\"ajax\" id=\"frm-productWidget-widgetCarousel-1akce-buy-13942-quantityForm\">\n                <input type=\"text\" name=\"quantity\" size=\"3\" id=\"frm-productWidget-widgetCarousel-1akce-buy-13942-quantityForm-quantity\" data-nette-rules=\"[{&quot;op&quot;:&quot;:integer&quot;,&quot;msg&quot;:&quot;Množství musí být číslo.&quot;}]\" value=\"1\" tabindex=\"-1\">\n                <input type=\"submit\" name=\"_submit\" value=\"Přidat\" class=\"product-quantity-control-submit plus\" tabindex=\"-1\">\n            <input type=\"hidden\" name=\"do\" value=\"productWidget-widgetCarousel-1akce-buy-13942-quantityForm-submit\" tabindex=\"-1\"><!--[if IE]><input type=IEbug disabled style=\"display:none\"><![endif]-->\n</form>\n\n        </div>\n</div>\n\n        </div>\n\n        \n    </div><div id=\"product-append-1391\" class=\"product-item slick-slide\" style=\"width: 253px;\" data-slick-index=\"24\" aria-hidden=\"true\" tabindex=\"-1\" role=\"option\" aria-describedby=\"slick-slide024\">\n        <div class=\"product-item-flags\">\n            <div class=\"flag-sale \">\n                <span class=\"percents\">15<small>%</small></span>\n            </div>\n        </div>\n        <div class=\"product-item-image\">\n                <a data-href=\"/?productWidget-widgetCarousel-1akce-id=1391&amp;do=productWidget-widgetCarousel-1akce-modal\" data-target=\"productWidget-widgetCarousel-1akce-productModal\" onclick=\"kosikAjax.click(this)\" tabindex=\"-1\">\n                    <img src=\"https://cdn.kosik.cz/content/product/jpg/list/empty.jpg\" data-src=\"https://cdn.kosik.cz/content/product/jpg/list/1463.jpg\" alt=\"ArRashid Pražené kešu solené 60g\" class=\"loading-images loading-image\">\n                </a>\n\n\n\n\n        </div>\n                <div class=\"product-item-info\">\n                <a data-href=\"/?productWidget-widgetCarousel-1akce-id=1391&amp;do=productWidget-widgetCarousel-1akce-modal\" class=\"product-name modal-link\" data-target=\"productWidget-widgetCarousel-1akce-productModal\" onclick=\"kosikAjax.click(this)\" tabindex=\"-1\">\n                    ArRashid Pražené kešu solené 60g\n                </a>\n            <p class=\"product-item-price product-in-discount\">\n                <span class=\"price-before-discount\">\n\t\t\t\t\t<span><strong class=\"price\">34,90 Kč</strong></span>\n\t\t\t\t</span>\n<strong class=\"price\">29,50 Kč</strong>\n\n            </p>\n            <p class=\"product-item-unit\">\n                    (<strong class=\"price\">491,70 Kč</strong> / kg)\n            </p>\n                        <div class=\"product-list-rating\">\n                <span><ul class=\"rating\"><li class=\"rating-children rating-1 up\" data-rating=\"1\"><i class=\"fa fa-star\"></i></li><li class=\"rating-children rating-2 up\" data-rating=\"2\"><i class=\"fa fa-star\"></i></li><li class=\"rating-children rating-3 up\" data-rating=\"3\"><i class=\"fa fa-star\"></i></li><li class=\"rating-children rating-4 up\" data-rating=\"4\"><i class=\"fa fa-star\"></i></li><li class=\"rating-children rating-5 up\" data-rating=\"5\"><i class=\"fa fa-star\"></i></li></ul></span>\n            </div>\n<div id=\"snippet-productWidget-widgetCarousel-1akce-buy-1391-quantity\">        <div class=\"product-quantity-control\">\n            <form action=\"/\" method=\"post\" class=\"ajax\" id=\"frm-productWidget-widgetCarousel-1akce-buy-1391-quantityForm\">\n                <input type=\"text\" name=\"quantity\" size=\"3\" id=\"frm-productWidget-widgetCarousel-1akce-buy-1391-quantityForm-quantity\" data-nette-rules=\"[{&quot;op&quot;:&quot;:integer&quot;,&quot;msg&quot;:&quot;Množství musí být číslo.&quot;}]\" value=\"1\" tabindex=\"-1\">\n                <input type=\"submit\" name=\"_submit\" value=\"Přidat\" class=\"product-quantity-control-submit plus\" tabindex=\"-1\">\n            <input type=\"hidden\" name=\"do\" value=\"productWidget-widgetCarousel-1akce-buy-1391-quantityForm-submit\" tabindex=\"-1\"><!--[if IE]><input type=IEbug disabled style=\"display:none\"><![endif]-->\n</form>\n\n        </div>\n</div>\n\n        </div>\n\n        \n    </div><div id=\"product-append-29341\" class=\"product-item slick-slide\" style=\"width: 253px;\" data-slick-index=\"25\" aria-hidden=\"true\" tabindex=\"-1\" role=\"option\" aria-describedby=\"slick-slide025\">\n        <div class=\"product-item-flags\">\n            <div class=\"flag-sale \">\n                <span class=\"percents\">32<small>%</small></span>\n            </div>\n        </div>\n        <div class=\"product-item-image\">\n                <a data-href=\"/?productWidget-widgetCarousel-1akce-id=29341&amp;do=productWidget-widgetCarousel-1akce-modal\" data-target=\"productWidget-widgetCarousel-1akce-productModal\" onclick=\"kosikAjax.click(this)\" tabindex=\"-1\">\n                    <img src=\"https://cdn.kosik.cz/content/product/jpg/list/empty.jpg\" data-src=\"https://cdn.kosik.cz/content/product/jpg/list/46715.jpg\" alt=\"Semtex krvavý pomeranč 500ml\" class=\"loading-images loading-image\">\n                </a>\n\n\n\n\n        </div>\n                <div class=\"product-item-info\">\n                <a data-href=\"/?productWidget-widgetCarousel-1akce-id=29341&amp;do=productWidget-widgetCarousel-1akce-modal\" class=\"product-name modal-link\" data-target=\"productWidget-widgetCarousel-1akce-productModal\" onclick=\"kosikAjax.click(this)\" tabindex=\"-1\">\n                    Semtex krvavý pomeranč 500ml\n                </a>\n            <p class=\"product-item-price product-in-discount\">\n                <span class=\"price-before-discount\">\n\t\t\t\t\t<span><strong class=\"price\">34,90 Kč</strong></span>\n\t\t\t\t</span>\n<strong class=\"price\">23,90 Kč</strong>\n\n            </p>\n            <p class=\"product-item-unit\">\n                    (<strong class=\"price\">47,80 Kč</strong> / l)\n            </p>\n                        <div class=\"product-list-rating\">\n            </div>\n<div id=\"snippet-productWidget-widgetCarousel-1akce-buy-29341-quantity\">        <div class=\"product-quantity-control\">\n            <form action=\"/\" method=\"post\" class=\"ajax\" id=\"frm-productWidget-widgetCarousel-1akce-buy-29341-quantityForm\">\n                <input type=\"text\" name=\"quantity\" size=\"3\" id=\"frm-productWidget-widgetCarousel-1akce-buy-29341-quantityForm-quantity\" data-nette-rules=\"[{&quot;op&quot;:&quot;:integer&quot;,&quot;msg&quot;:&quot;Množství musí být číslo.&quot;}]\" value=\"1\" tabindex=\"-1\">\n                <input type=\"submit\" name=\"_submit\" value=\"Přidat\" class=\"product-quantity-control-submit plus\" tabindex=\"-1\">\n            <input type=\"hidden\" name=\"do\" value=\"productWidget-widgetCarousel-1akce-buy-29341-quantityForm-submit\" tabindex=\"-1\"><!--[if IE]><input type=IEbug disabled style=\"display:none\"><![endif]-->\n</form>\n\n        </div>\n</div>\n\n        </div>\n\n        \n    </div><div id=\"product-append-20187\" class=\"product-item slick-slide\" style=\"width: 253px;\" data-slick-index=\"26\" aria-hidden=\"true\" tabindex=\"-1\" role=\"option\" aria-describedby=\"slick-slide026\">\n        <div class=\"product-item-flags\">\n            <div class=\"flag-sale \">\n                <span class=\"percents\">25<small>%</small></span>\n            </div>\n        </div>\n        <div class=\"product-item-image\">\n                <a data-href=\"/?productWidget-widgetCarousel-1akce-id=20187&amp;do=productWidget-widgetCarousel-1akce-modal\" data-target=\"productWidget-widgetCarousel-1akce-productModal\" onclick=\"kosikAjax.click(this)\" tabindex=\"-1\">\n                    <img src=\"https://cdn.kosik.cz/content/product/jpg/list/empty.jpg\" data-src=\"https://cdn.kosik.cz/content/product/jpg/list/37439.jpg\" alt=\"Whiskas Plněné granule s hovězím masem 3,8 kg\" class=\"loading-images loading-image\">\n                </a>\n\n\n\n\n        </div>\n                <div class=\"product-item-info\">\n                <a data-href=\"/?productWidget-widgetCarousel-1akce-id=20187&amp;do=productWidget-widgetCarousel-1akce-modal\" class=\"product-name modal-link\" data-target=\"productWidget-widgetCarousel-1akce-productModal\" onclick=\"kosikAjax.click(this)\" tabindex=\"-1\">\n                    Whiskas Plněné granule s hovězím masem 3,8 kg\n                </a>\n            <p class=\"product-item-price product-in-discount\">\n                <span class=\"price-before-discount\">\n\t\t\t\t\t<span><strong class=\"price\">319,90 Kč</strong></span>\n\t\t\t\t</span>\n<strong class=\"price\">239,90 Kč</strong>\n\n            </p>\n            <p class=\"product-item-unit\">\n                    (<strong class=\"price\">63,10 Kč</strong> / kg)\n            </p>\n                        <div class=\"product-list-rating\">\n            </div>\n<div id=\"snippet-productWidget-widgetCarousel-1akce-buy-20187-quantity\">        <div class=\"product-quantity-control\">\n            <form action=\"/\" method=\"post\" class=\"ajax\" id=\"frm-productWidget-widgetCarousel-1akce-buy-20187-quantityForm\">\n                <input type=\"text\" name=\"quantity\" size=\"3\" id=\"frm-productWidget-widgetCarousel-1akce-buy-20187-quantityForm-quantity\" data-nette-rules=\"[{&quot;op&quot;:&quot;:integer&quot;,&quot;msg&quot;:&quot;Množství musí být číslo.&quot;}]\" value=\"1\" tabindex=\"-1\">\n                <input type=\"submit\" name=\"_submit\" value=\"Přidat\" class=\"product-quantity-control-submit plus\" tabindex=\"-1\">\n            <input type=\"hidden\" name=\"do\" value=\"productWidget-widgetCarousel-1akce-buy-20187-quantityForm-submit\" tabindex=\"-1\"><!--[if IE]><input type=IEbug disabled style=\"display:none\"><![endif]-->\n</form>\n\n        </div>\n</div>\n\n        </div>\n\n        \n    </div><div id=\"product-append-13935\" class=\"product-item slick-slide\" style=\"width: 253px;\" data-slick-index=\"27\" aria-hidden=\"true\" tabindex=\"-1\" role=\"option\" aria-describedby=\"slick-slide027\">\n        <div class=\"product-item-flags\">\n            <div class=\"flag-sale \">\n                <span class=\"percents\">20<small>%</small></span>\n            </div>\n        </div>\n        <div class=\"product-item-image\">\n                <a data-href=\"/?productWidget-widgetCarousel-1akce-id=13935&amp;do=productWidget-widgetCarousel-1akce-modal\" data-target=\"productWidget-widgetCarousel-1akce-productModal\" onclick=\"kosikAjax.click(this)\" tabindex=\"-1\">\n                    <img src=\"https://cdn.kosik.cz/content/product/jpg/list/empty.jpg\" data-src=\"https://cdn.kosik.cz/content/product/jpg/list/31188.jpg\" alt=\"Bonitas Bio Sezam 100g\" class=\"loading-images loading-image\">\n                </a>\n\n\n\n\n        </div>\n                <div class=\"product-item-info\">\n                <a data-href=\"/?productWidget-widgetCarousel-1akce-id=13935&amp;do=productWidget-widgetCarousel-1akce-modal\" class=\"product-name modal-link\" data-target=\"productWidget-widgetCarousel-1akce-productModal\" onclick=\"kosikAjax.click(this)\" tabindex=\"-1\">\n                    Bonitas Bio Sezam 100g\n                </a>\n            <p class=\"product-item-price product-in-discount\">\n                <span class=\"price-before-discount\">\n\t\t\t\t\t<span><strong class=\"price\">23,50 Kč</strong></span>\n\t\t\t\t</span>\n<strong class=\"price\">18,90 Kč</strong>\n\n            </p>\n            <p class=\"product-item-unit\">\n                    (<strong class=\"price\">189,00 Kč</strong> / kg)\n            </p>\n                        <div class=\"product-list-rating\">\n            </div>\n<div id=\"snippet-productWidget-widgetCarousel-1akce-buy-13935-quantity\">        <div class=\"product-quantity-control\">\n            <form action=\"/\" method=\"post\" class=\"ajax\" id=\"frm-productWidget-widgetCarousel-1akce-buy-13935-quantityForm\">\n                <input type=\"text\" name=\"quantity\" size=\"3\" id=\"frm-productWidget-widgetCarousel-1akce-buy-13935-quantityForm-quantity\" data-nette-rules=\"[{&quot;op&quot;:&quot;:integer&quot;,&quot;msg&quot;:&quot;Množství musí být číslo.&quot;}]\" value=\"1\" tabindex=\"-1\">\n                <input type=\"submit\" name=\"_submit\" value=\"Přidat\" class=\"product-quantity-control-submit plus\" tabindex=\"-1\">\n            <input type=\"hidden\" name=\"do\" value=\"productWidget-widgetCarousel-1akce-buy-13935-quantityForm-submit\" tabindex=\"-1\"><!--[if IE]><input type=IEbug disabled style=\"display:none\"><![endif]-->\n</form>\n\n        </div>\n</div>\n\n        </div>\n\n        \n    </div><div id=\"product-append-6492\" class=\"product-item slick-slide\" style=\"width: 253px;\" data-slick-index=\"28\" aria-hidden=\"true\" tabindex=\"-1\" role=\"option\" aria-describedby=\"slick-slide028\">\n        <div class=\"product-item-flags\">\n            <div class=\"flag-sale \">\n                <span class=\"percents\">26<small>%</small></span>\n            </div>\n        </div>\n        <div class=\"product-item-image\">\n                <a data-href=\"/?productWidget-widgetCarousel-1akce-id=6492&amp;do=productWidget-widgetCarousel-1akce-modal\" data-target=\"productWidget-widgetCarousel-1akce-productModal\" onclick=\"kosikAjax.click(this)\" tabindex=\"-1\">\n                    <img src=\"https://cdn.kosik.cz/content/product/jpg/list/empty.jpg\" data-src=\"https://cdn.kosik.cz/content/product/jpg/list/8470.jpg\" alt=\"Purina One Adult s kuřecím a celozrnnými obilovinami 800g\" class=\"loading-images loading-image\">\n                </a>\n\n\n\n\n        </div>\n                <div class=\"product-item-info\">\n                <a data-href=\"/?productWidget-widgetCarousel-1akce-id=6492&amp;do=productWidget-widgetCarousel-1akce-modal\" class=\"product-name modal-link\" data-target=\"productWidget-widgetCarousel-1akce-productModal\" onclick=\"kosikAjax.click(this)\" tabindex=\"-1\">\n                    Purina One Adult s kuřecím a celozrnnými obilovinami 800g\n                </a>\n            <p class=\"product-item-price product-in-discount\">\n                <span class=\"price-before-discount\">\n\t\t\t\t\t<span><strong class=\"price\">134,90 Kč</strong></span>\n\t\t\t\t</span>\n<strong class=\"price\">99,90 Kč</strong>\n\n            </p>\n            <p class=\"product-item-unit\">\n                    (<strong class=\"price\">124,90 Kč</strong> / kg)\n            </p>\n                        <div class=\"product-list-rating\">\n            </div>\n<div id=\"snippet-productWidget-widgetCarousel-1akce-buy-6492-quantity\">        <div class=\"product-quantity-control\">\n            <form action=\"/\" method=\"post\" class=\"ajax\" id=\"frm-productWidget-widgetCarousel-1akce-buy-6492-quantityForm\">\n                <input type=\"text\" name=\"quantity\" size=\"3\" id=\"frm-productWidget-widgetCarousel-1akce-buy-6492-quantityForm-quantity\" data-nette-rules=\"[{&quot;op&quot;:&quot;:integer&quot;,&quot;msg&quot;:&quot;Množství musí být číslo.&quot;}]\" value=\"1\" tabindex=\"-1\">\n                <input type=\"submit\" name=\"_submit\" value=\"Přidat\" class=\"product-quantity-control-submit plus\" tabindex=\"-1\">\n            <input type=\"hidden\" name=\"do\" value=\"productWidget-widgetCarousel-1akce-buy-6492-quantityForm-submit\" tabindex=\"-1\"><!--[if IE]><input type=IEbug disabled style=\"display:none\"><![endif]-->\n</form>\n\n        </div>\n</div>\n\n        </div>\n\n        \n    </div><div id=\"product-append-14086\" class=\"product-item slick-slide\" style=\"width: 253px;\" data-slick-index=\"29\" aria-hidden=\"true\" tabindex=\"-1\" role=\"option\" aria-describedby=\"slick-slide029\">\n        <div class=\"product-item-flags\">\n            <div class=\"flag-sale \">\n                <span class=\"percents\">17<small>%</small></span>\n            </div>\n        </div>\n        <div class=\"product-item-image\">\n                <a data-href=\"/?productWidget-widgetCarousel-1akce-id=14086&amp;do=productWidget-widgetCarousel-1akce-modal\" data-target=\"productWidget-widgetCarousel-1akce-productModal\" onclick=\"kosikAjax.click(this)\" tabindex=\"-1\">\n                    <img src=\"https://cdn.kosik.cz/content/product/jpg/list/empty.jpg\" data-src=\"https://cdn.kosik.cz/content/product/jpg/list/31339.jpg\" alt=\"Dijo Tortilla placky celozrnné 4x25cm 250g\" class=\"loading-images loading-image\">\n                </a>\n\n\n\n\n        </div>\n                <div class=\"product-item-info\">\n                <a data-href=\"/?productWidget-widgetCarousel-1akce-id=14086&amp;do=productWidget-widgetCarousel-1akce-modal\" class=\"product-name modal-link\" data-target=\"productWidget-widgetCarousel-1akce-productModal\" onclick=\"kosikAjax.click(this)\" tabindex=\"-1\">\n                    Dijo Tortilla placky celozrnné 4x25cm 250g\n                </a>\n            <p class=\"product-item-price product-in-discount\">\n                <span class=\"price-before-discount\">\n\t\t\t\t\t<span><strong class=\"price\">29,90 Kč</strong></span>\n\t\t\t\t</span>\n<strong class=\"price\">24,90 Kč</strong>\n\n            </p>\n            <p class=\"product-item-unit\">\n                    (<strong class=\"price\">99,60 Kč</strong> / kg)\n            </p>\n                        <div class=\"product-list-rating\">\n            </div>\n<div id=\"snippet-productWidget-widgetCarousel-1akce-buy-14086-quantity\">        <div class=\"product-quantity-control\">\n            <form action=\"/\" method=\"post\" class=\"ajax\" id=\"frm-productWidget-widgetCarousel-1akce-buy-14086-quantityForm\">\n                <input type=\"text\" name=\"quantity\" size=\"3\" id=\"frm-productWidget-widgetCarousel-1akce-buy-14086-quantityForm-quantity\" data-nette-rules=\"[{&quot;op&quot;:&quot;:integer&quot;,&quot;msg&quot;:&quot;Množství musí být číslo.&quot;}]\" value=\"1\" tabindex=\"-1\">\n                <input type=\"submit\" name=\"_submit\" value=\"Přidat\" class=\"product-quantity-control-submit plus\" tabindex=\"-1\">\n            <input type=\"hidden\" name=\"do\" value=\"productWidget-widgetCarousel-1akce-buy-14086-quantityForm-submit\" tabindex=\"-1\"><!--[if IE]><input type=IEbug disabled style=\"display:none\"><![endif]-->\n</form>\n\n        </div>\n</div>\n\n        </div>\n\n        \n    </div><div id=\"product-append-13475\" class=\"product-item slick-slide\" style=\"width: 253px;\" data-slick-index=\"30\" aria-hidden=\"true\" tabindex=\"-1\" role=\"option\" aria-describedby=\"slick-slide030\">\n        <div class=\"product-item-flags\">\n            <div class=\"flag-sale \">\n                <span class=\"percents\">31<small>%</small></span>\n            </div>\n        </div>\n        <div class=\"product-item-image\">\n                <a data-href=\"/?productWidget-widgetCarousel-1akce-id=13475&amp;do=productWidget-widgetCarousel-1akce-modal\" data-target=\"productWidget-widgetCarousel-1akce-productModal\" onclick=\"kosikAjax.click(this)\" tabindex=\"-1\">\n                    <img src=\"https://cdn.kosik.cz/content/product/jpg/list/empty.jpg\" data-src=\"https://cdn.kosik.cz/content/product/jpg/list/30626.jpg\" alt=\"Purina One Sterilcat s hovězím a pšenicí 1,5kg\" class=\"loading-images loading-image\">\n                </a>\n\n\n\n\n        </div>\n                <div class=\"product-item-info\">\n                <a data-href=\"/?productWidget-widgetCarousel-1akce-id=13475&amp;do=productWidget-widgetCarousel-1akce-modal\" class=\"product-name modal-link\" data-target=\"productWidget-widgetCarousel-1akce-productModal\" onclick=\"kosikAjax.click(this)\" tabindex=\"-1\">\n                    Purina One Sterilcat s hovězím a pšenicí 1,5kg\n                </a>\n            <p class=\"product-item-price product-in-discount\">\n                <span class=\"price-before-discount\">\n\t\t\t\t\t<span><strong class=\"price\">244,90 Kč</strong></span>\n\t\t\t\t</span>\n<strong class=\"price\">169,90 Kč</strong>\n\n            </p>\n            <p class=\"product-item-unit\">\n                    (<strong class=\"price\">113,30 Kč</strong> / kg)\n            </p>\n                        <div class=\"product-list-rating\">\n            </div>\n<div id=\"snippet-productWidget-widgetCarousel-1akce-buy-13475-quantity\">        <div class=\"product-quantity-control\">\n            <form action=\"/\" method=\"post\" class=\"ajax\" id=\"frm-productWidget-widgetCarousel-1akce-buy-13475-quantityForm\">\n                <input type=\"text\" name=\"quantity\" size=\"3\" id=\"frm-productWidget-widgetCarousel-1akce-buy-13475-quantityForm-quantity\" data-nette-rules=\"[{&quot;op&quot;:&quot;:integer&quot;,&quot;msg&quot;:&quot;Množství musí být číslo.&quot;}]\" value=\"1\" tabindex=\"-1\">\n                <input type=\"submit\" name=\"_submit\" value=\"Přidat\" class=\"product-quantity-control-submit plus\" tabindex=\"-1\">\n            <input type=\"hidden\" name=\"do\" value=\"productWidget-widgetCarousel-1akce-buy-13475-quantityForm-submit\" tabindex=\"-1\"><!--[if IE]><input type=IEbug disabled style=\"display:none\"><![endif]-->\n</form>\n\n        </div>\n</div>\n\n        </div>\n\n        \n    </div><div id=\"product-append-11324\" class=\"product-item slick-slide\" style=\"width: 253px;\" data-slick-index=\"31\" aria-hidden=\"true\" tabindex=\"-1\" role=\"option\" aria-describedby=\"slick-slide031\">\n        <div class=\"product-item-flags\">\n            <div class=\"flag-sale \">\n                <span class=\"percents\">26<small>%</small></span>\n            </div>\n        </div>\n        <div class=\"product-item-image\">\n                <a data-href=\"/?productWidget-widgetCarousel-1akce-id=11324&amp;do=productWidget-widgetCarousel-1akce-modal\" data-target=\"productWidget-widgetCarousel-1akce-productModal\" onclick=\"kosikAjax.click(this)\" tabindex=\"-1\">\n                    <img src=\"https://cdn.kosik.cz/content/product/jpg/list/empty.jpg\" data-src=\"https://cdn.kosik.cz/content/product/jpg/list/28886.jpg\" alt=\"Pedigree Kompletní krmivo pro dospělé psy 12 x 100g\" class=\"loading-images loading-image\">\n                </a>\n\n\n\n\n        </div>\n                <div class=\"product-item-info\">\n                <a data-href=\"/?productWidget-widgetCarousel-1akce-id=11324&amp;do=productWidget-widgetCarousel-1akce-modal\" class=\"product-name modal-link\" data-target=\"productWidget-widgetCarousel-1akce-productModal\" onclick=\"kosikAjax.click(this)\" tabindex=\"-1\">\n                    Pedigree Kompletní krmivo pro dospělé psy 12 x 100g\n                </a>\n            <p class=\"product-item-price product-in-discount\">\n                <span class=\"price-before-discount\">\n\t\t\t\t\t<span><strong class=\"price\">134,90 Kč</strong></span>\n\t\t\t\t</span>\n<strong class=\"price\">99,90 Kč</strong>\n\n            </p>\n            <p class=\"product-item-unit\">\n                    (<strong class=\"price\">83,30 Kč</strong> / kg)\n            </p>\n                        <div class=\"product-list-rating\">\n            </div>\n<div id=\"snippet-productWidget-widgetCarousel-1akce-buy-11324-quantity\">        <div class=\"product-quantity-control\">\n            <form action=\"/\" method=\"post\" class=\"ajax\" id=\"frm-productWidget-widgetCarousel-1akce-buy-11324-quantityForm\">\n                <input type=\"text\" name=\"quantity\" size=\"3\" id=\"frm-productWidget-widgetCarousel-1akce-buy-11324-quantityForm-quantity\" data-nette-rules=\"[{&quot;op&quot;:&quot;:integer&quot;,&quot;msg&quot;:&quot;Množství musí být číslo.&quot;}]\" value=\"1\" tabindex=\"-1\">\n                <input type=\"submit\" name=\"_submit\" value=\"Přidat\" class=\"product-quantity-control-submit plus\" tabindex=\"-1\">\n            <input type=\"hidden\" name=\"do\" value=\"productWidget-widgetCarousel-1akce-buy-11324-quantityForm-submit\" tabindex=\"-1\"><!--[if IE]><input type=IEbug disabled style=\"display:none\"><![endif]-->\n</form>\n\n        </div>\n</div>\n\n        </div>\n\n        \n    </div><div id=\"product-append-20830\" class=\"product-item slick-slide\" style=\"width: 253px;\" data-slick-index=\"32\" aria-hidden=\"true\" tabindex=\"-1\" role=\"option\" aria-describedby=\"slick-slide032\">\n        <div class=\"product-item-flags\">\n            <div class=\"flag-sale \">\n                <span class=\"percents\">18<small>%</small></span>\n            </div>\n        </div>\n        <div class=\"product-item-image\">\n                <a data-href=\"/?productWidget-widgetCarousel-1akce-id=20830&amp;do=productWidget-widgetCarousel-1akce-modal\" data-target=\"productWidget-widgetCarousel-1akce-productModal\" onclick=\"kosikAjax.click(this)\" tabindex=\"-1\">\n                    <img src=\"https://cdn.kosik.cz/content/product/jpg/list/empty.jpg\" data-src=\"https://cdn.kosik.cz/content/product/jpg/list/38082.jpg\" alt=\"Modena Torrione Balsamico ocet 0.5l\" class=\"loading-images loading-image\">\n                </a>\n\n\n\n\n        </div>\n                <div class=\"product-item-info\">\n                <a data-href=\"/?productWidget-widgetCarousel-1akce-id=20830&amp;do=productWidget-widgetCarousel-1akce-modal\" class=\"product-name modal-link\" data-target=\"productWidget-widgetCarousel-1akce-productModal\" onclick=\"kosikAjax.click(this)\" tabindex=\"-1\">\n                    Modena Torrione Balsamico ocet 0.5l\n                </a>\n            <p class=\"product-item-price product-in-discount\">\n                <span class=\"price-before-discount\">\n\t\t\t\t\t<span><strong class=\"price\">54,90 Kč</strong></span>\n\t\t\t\t</span>\n<strong class=\"price\">44,90 Kč</strong>\n\n            </p>\n            <p class=\"product-item-unit\">\n                    (<strong class=\"price\">89,80 Kč</strong> / l)\n            </p>\n                        <div class=\"product-list-rating\">\n            </div>\n<div id=\"snippet-productWidget-widgetCarousel-1akce-buy-20830-quantity\">        <div class=\"product-quantity-control\">\n            <form action=\"/\" method=\"post\" class=\"ajax\" id=\"frm-productWidget-widgetCarousel-1akce-buy-20830-quantityForm\">\n                <input type=\"text\" name=\"quantity\" size=\"3\" id=\"frm-productWidget-widgetCarousel-1akce-buy-20830-quantityForm-quantity\" data-nette-rules=\"[{&quot;op&quot;:&quot;:integer&quot;,&quot;msg&quot;:&quot;Množství musí být číslo.&quot;}]\" value=\"1\" tabindex=\"-1\">\n                <input type=\"submit\" name=\"_submit\" value=\"Přidat\" class=\"product-quantity-control-submit plus\" tabindex=\"-1\">\n            <input type=\"hidden\" name=\"do\" value=\"productWidget-widgetCarousel-1akce-buy-20830-quantityForm-submit\" tabindex=\"-1\"><!--[if IE]><input type=IEbug disabled style=\"display:none\"><![endif]-->\n</form>\n\n        </div>\n</div>\n\n        </div>\n\n        \n    </div><div id=\"product-append-6566\" class=\"product-item slick-slide\" style=\"width: 253px;\" data-slick-index=\"33\" aria-hidden=\"true\" tabindex=\"-1\" role=\"option\" aria-describedby=\"slick-slide033\">\n        <div class=\"product-item-flags\">\n            <div class=\"flag-sale \">\n                <span class=\"percents\">22<small>%</small></span>\n            </div>\n        </div>\n        <div class=\"product-item-image\">\n                <a data-href=\"/?productWidget-widgetCarousel-1akce-id=6566&amp;do=productWidget-widgetCarousel-1akce-modal\" data-target=\"productWidget-widgetCarousel-1akce-productModal\" onclick=\"kosikAjax.click(this)\" tabindex=\"-1\">\n                    <img src=\"https://cdn.kosik.cz/content/product/jpg/list/empty.jpg\" data-src=\"https://cdn.kosik.cz/content/product/jpg/list/8642.jpg\" alt=\"Pedigree Dentastix Doplňkové krmivo pro psy starší 4 měsíců 4 x 180g\" class=\"loading-images loading-image\">\n                </a>\n\n\n\n\n        </div>\n                <div class=\"product-item-info\">\n                <a data-href=\"/?productWidget-widgetCarousel-1akce-id=6566&amp;do=productWidget-widgetCarousel-1akce-modal\" class=\"product-name modal-link\" data-target=\"productWidget-widgetCarousel-1akce-productModal\" onclick=\"kosikAjax.click(this)\" tabindex=\"-1\">\n                    Pedigree Dentastix Doplňkové krmivo pro psy starší 4 měsíců 4 x 180g\n                </a>\n            <p class=\"product-item-price product-in-discount\">\n                <span class=\"price-before-discount\">\n\t\t\t\t\t<span><strong class=\"price\">189,90 Kč</strong></span>\n\t\t\t\t</span>\n<strong class=\"price\">148,90 Kč</strong>\n\n            </p>\n            <p class=\"product-item-unit\">\n                    (<strong class=\"price\">206,80 Kč</strong> / kg)\n            </p>\n                        <div class=\"product-list-rating\">\n            </div>\n<div id=\"snippet-productWidget-widgetCarousel-1akce-buy-6566-quantity\">        <div class=\"product-quantity-control\">\n            <form action=\"/\" method=\"post\" class=\"ajax\" id=\"frm-productWidget-widgetCarousel-1akce-buy-6566-quantityForm\">\n                <input type=\"text\" name=\"quantity\" size=\"3\" id=\"frm-productWidget-widgetCarousel-1akce-buy-6566-quantityForm-quantity\" data-nette-rules=\"[{&quot;op&quot;:&quot;:integer&quot;,&quot;msg&quot;:&quot;Množství musí být číslo.&quot;}]\" value=\"1\" tabindex=\"-1\">\n                <input type=\"submit\" name=\"_submit\" value=\"Přidat\" class=\"product-quantity-control-submit plus\" tabindex=\"-1\">\n            <input type=\"hidden\" name=\"do\" value=\"productWidget-widgetCarousel-1akce-buy-6566-quantityForm-submit\" tabindex=\"-1\"><!--[if IE]><input type=IEbug disabled style=\"display:none\"><![endif]-->\n</form>\n\n        </div>\n</div>\n\n        </div>\n\n        \n    </div><div id=\"product-append-115\" class=\"product-item slick-slide\" style=\"width: 253px;\" data-slick-index=\"34\" aria-hidden=\"true\" tabindex=\"-1\" role=\"option\" aria-describedby=\"slick-slide034\">\n        <div class=\"product-item-flags\">\n            <div class=\"flag-sale \">\n                <span class=\"percents\">20<small>%</small></span>\n            </div>\n        </div>\n        <div class=\"product-item-image\">\n                <a data-href=\"/?productWidget-widgetCarousel-1akce-id=115&amp;do=productWidget-widgetCarousel-1akce-modal\" data-target=\"productWidget-widgetCarousel-1akce-productModal\" onclick=\"kosikAjax.click(this)\" tabindex=\"-1\">\n                    <img src=\"https://cdn.kosik.cz/content/product/jpg/list/empty.jpg\" data-src=\"https://cdn.kosik.cz/content/product/jpg/list/121.jpg\" alt=\"Pedigree Dentastix Medium 3 tyčinky 77g\" class=\"loading-images loading-image\">\n                </a>\n\n\n\n\n        </div>\n                <div class=\"product-item-info\">\n                <a data-href=\"/?productWidget-widgetCarousel-1akce-id=115&amp;do=productWidget-widgetCarousel-1akce-modal\" class=\"product-name modal-link\" data-target=\"productWidget-widgetCarousel-1akce-productModal\" onclick=\"kosikAjax.click(this)\" tabindex=\"-1\">\n                    Pedigree Dentastix Medium 3 tyčinky 77g\n                </a>\n            <p class=\"product-item-price product-in-discount\">\n                <span class=\"price-before-discount\">\n\t\t\t\t\t<span><strong class=\"price\">29,90 Kč</strong></span>\n\t\t\t\t</span>\n<strong class=\"price\">23,90 Kč</strong>\n\n            </p>\n            <p class=\"product-item-unit\">\n                    (<strong class=\"price\">310,40 Kč</strong> / kg)\n            </p>\n                        <div class=\"product-list-rating\">\n            </div>\n<div id=\"snippet-productWidget-widgetCarousel-1akce-buy-115-quantity\">        <div class=\"product-quantity-control\">\n            <form action=\"/\" method=\"post\" class=\"ajax\" id=\"frm-productWidget-widgetCarousel-1akce-buy-115-quantityForm\">\n                <input type=\"text\" name=\"quantity\" size=\"3\" id=\"frm-productWidget-widgetCarousel-1akce-buy-115-quantityForm-quantity\" data-nette-rules=\"[{&quot;op&quot;:&quot;:integer&quot;,&quot;msg&quot;:&quot;Množství musí být číslo.&quot;}]\" value=\"1\" tabindex=\"-1\">\n                <input type=\"submit\" name=\"_submit\" value=\"Přidat\" class=\"product-quantity-control-submit plus\" tabindex=\"-1\">\n            <input type=\"hidden\" name=\"do\" value=\"productWidget-widgetCarousel-1akce-buy-115-quantityForm-submit\" tabindex=\"-1\"><!--[if IE]><input type=IEbug disabled style=\"display:none\"><![endif]-->\n</form>\n\n        </div>\n</div>\n\n        </div>\n\n        \n    </div><div id=\"product-append-13679\" class=\"product-item slick-slide\" style=\"width: 253px;\" data-slick-index=\"35\" aria-hidden=\"true\" tabindex=\"-1\" role=\"option\" aria-describedby=\"slick-slide035\">\n        <div class=\"product-item-flags\">\n            <div class=\"flag-sale \">\n                <span class=\"percents\">20<small>%</small></span>\n            </div>\n        </div>\n        <div class=\"product-item-image\">\n                <a data-href=\"/?productWidget-widgetCarousel-1akce-id=13679&amp;do=productWidget-widgetCarousel-1akce-modal\" data-target=\"productWidget-widgetCarousel-1akce-productModal\" onclick=\"kosikAjax.click(this)\" tabindex=\"-1\">\n                    <img src=\"https://cdn.kosik.cz/content/product/jpg/list/empty.jpg\" data-src=\"https://cdn.kosik.cz/content/product/jpg/list/30932.jpg\" alt=\"Frosta Toskánská zeleninová pánev 400g\" class=\"loading-images loading-image\">\n                </a>\n\n\n\n\n        </div>\n                <div class=\"product-item-info\">\n                <a data-href=\"/?productWidget-widgetCarousel-1akce-id=13679&amp;do=productWidget-widgetCarousel-1akce-modal\" class=\"product-name modal-link\" data-target=\"productWidget-widgetCarousel-1akce-productModal\" onclick=\"kosikAjax.click(this)\" tabindex=\"-1\">\n                    Frosta Toskánská zeleninová pánev 400g\n                </a>\n            <p class=\"product-item-price product-in-discount\">\n                <span class=\"price-before-discount\">\n\t\t\t\t\t<span><strong class=\"price\">49,90 Kč</strong></span>\n\t\t\t\t</span>\n<strong class=\"price\">39,90 Kč</strong>\n\n            </p>\n            <p class=\"product-item-unit\">\n                    (<strong class=\"price\">99,80 Kč</strong> / kg)\n            </p>\n                        <div class=\"product-list-rating\">\n            </div>\n<div id=\"snippet-productWidget-widgetCarousel-1akce-buy-13679-quantity\">        <div class=\"product-quantity-control\">\n            <form action=\"/\" method=\"post\" class=\"ajax\" id=\"frm-productWidget-widgetCarousel-1akce-buy-13679-quantityForm\">\n                <input type=\"text\" name=\"quantity\" size=\"3\" id=\"frm-productWidget-widgetCarousel-1akce-buy-13679-quantityForm-quantity\" data-nette-rules=\"[{&quot;op&quot;:&quot;:integer&quot;,&quot;msg&quot;:&quot;Množství musí být číslo.&quot;}]\" value=\"1\" tabindex=\"-1\">\n                <input type=\"submit\" name=\"_submit\" value=\"Přidat\" class=\"product-quantity-control-submit plus\" tabindex=\"-1\">\n            <input type=\"hidden\" name=\"do\" value=\"productWidget-widgetCarousel-1akce-buy-13679-quantityForm-submit\" tabindex=\"-1\"><!--[if IE]><input type=IEbug disabled style=\"display:none\"><![endif]-->\n</form>\n\n        </div>\n</div>\n\n        </div>\n\n        \n    </div><div id=\"product-append-20003\" class=\"product-item slick-slide\" style=\"width: 253px;\" data-slick-index=\"36\" aria-hidden=\"true\" tabindex=\"-1\" role=\"option\" aria-describedby=\"slick-slide036\">\n        <div class=\"product-item-flags\">\n            <div class=\"flag-sale \">\n                <span class=\"percents\">25<small>%</small></span>\n            </div>\n        </div>\n        <div class=\"product-item-image\">\n                <a data-href=\"/?productWidget-widgetCarousel-1akce-id=20003&amp;do=productWidget-widgetCarousel-1akce-modal\" data-target=\"productWidget-widgetCarousel-1akce-productModal\" onclick=\"kosikAjax.click(this)\" tabindex=\"-1\">\n                    <img src=\"https://cdn.kosik.cz/content/product/jpg/list/empty.jpg\" data-src=\"https://cdn.kosik.cz/content/product/jpg/list/empty.jpg\" alt=\"Frosta Obalované formované porce s koprem 240g\" class=\"loading-images\">\n                </a>\n\n\n\n\n        </div>\n                <div class=\"product-item-info\">\n                <a data-href=\"/?productWidget-widgetCarousel-1akce-id=20003&amp;do=productWidget-widgetCarousel-1akce-modal\" class=\"product-name modal-link\" data-target=\"productWidget-widgetCarousel-1akce-productModal\" onclick=\"kosikAjax.click(this)\" tabindex=\"-1\">\n                    Frosta Obalované formované porce s koprem 240g\n                </a>\n            <p class=\"product-item-price product-in-discount\">\n                <span class=\"price-before-discount\">\n\t\t\t\t\t<span><strong class=\"price\">56,90 Kč</strong></span>\n\t\t\t\t</span>\n<strong class=\"price\">42,90 Kč</strong>\n\n            </p>\n            <p class=\"product-item-unit\">\n                    (<strong class=\"price\">178,80 Kč</strong> / kg)\n            </p>\n                        <div class=\"product-list-rating\">\n            </div>\n<div id=\"snippet-productWidget-widgetCarousel-1akce-buy-20003-quantity\">        <div class=\"product-quantity-control\">\n            <form action=\"/\" method=\"post\" class=\"ajax\" id=\"frm-productWidget-widgetCarousel-1akce-buy-20003-quantityForm\">\n                <input type=\"text\" name=\"quantity\" size=\"3\" id=\"frm-productWidget-widgetCarousel-1akce-buy-20003-quantityForm-quantity\" data-nette-rules=\"[{&quot;op&quot;:&quot;:integer&quot;,&quot;msg&quot;:&quot;Množství musí být číslo.&quot;}]\" value=\"1\" tabindex=\"-1\">\n                <input type=\"submit\" name=\"_submit\" value=\"Přidat\" class=\"product-quantity-control-submit plus\" tabindex=\"-1\">\n            <input type=\"hidden\" name=\"do\" value=\"productWidget-widgetCarousel-1akce-buy-20003-quantityForm-submit\" tabindex=\"-1\"><!--[if IE]><input type=IEbug disabled style=\"display:none\"><![endif]-->\n</form>\n\n        </div>\n</div>\n\n        </div>\n\n        \n    </div><div id=\"product-append-29302\" class=\"product-item slick-slide\" style=\"width: 253px;\" data-slick-index=\"37\" aria-hidden=\"true\" tabindex=\"-1\" role=\"option\" aria-describedby=\"slick-slide037\">\n        <div class=\"product-item-flags\">\n            <div class=\"flag-sale \">\n                <span class=\"percents\">15<small>%</small></span>\n            </div>\n        </div>\n        <div class=\"product-item-image\">\n                <a data-href=\"/?productWidget-widgetCarousel-1akce-id=29302&amp;do=productWidget-widgetCarousel-1akce-modal\" data-target=\"productWidget-widgetCarousel-1akce-productModal\" onclick=\"kosikAjax.click(this)\" tabindex=\"-1\">\n                    <img src=\"https://cdn.kosik.cz/content/product/jpg/list/empty.jpg\" data-src=\"https://cdn.kosik.cz/content/product/jpg/list/46676.jpg\" alt=\"Organix Kaše z banánů a manga&nbsp;120g\" class=\"loading-images loading-image\">\n                </a>\n\n\n\n\n        </div>\n                <div class=\"product-item-info\">\n                <a data-href=\"/?productWidget-widgetCarousel-1akce-id=29302&amp;do=productWidget-widgetCarousel-1akce-modal\" class=\"product-name modal-link\" data-target=\"productWidget-widgetCarousel-1akce-productModal\" onclick=\"kosikAjax.click(this)\" tabindex=\"-1\">\n                    Organix Kaše z banánů a manga&nbsp;120g\n                </a>\n            <p class=\"product-item-price product-in-discount\">\n                <span class=\"price-before-discount\">\n\t\t\t\t\t<span><strong class=\"price\">96,90 Kč</strong></span>\n\t\t\t\t</span>\n<strong class=\"price\">81,90 Kč</strong>\n\n            </p>\n            <p class=\"product-item-unit\">\n                    (<strong class=\"price\">682,50 Kč</strong> / kg)\n            </p>\n                        <div class=\"product-list-rating\">\n            </div>\n<div id=\"snippet-productWidget-widgetCarousel-1akce-buy-29302-quantity\">        <div class=\"product-quantity-control\">\n            <form action=\"/\" method=\"post\" class=\"ajax\" id=\"frm-productWidget-widgetCarousel-1akce-buy-29302-quantityForm\">\n                <input type=\"text\" name=\"quantity\" size=\"3\" id=\"frm-productWidget-widgetCarousel-1akce-buy-29302-quantityForm-quantity\" data-nette-rules=\"[{&quot;op&quot;:&quot;:integer&quot;,&quot;msg&quot;:&quot;Množství musí být číslo.&quot;}]\" value=\"1\" tabindex=\"-1\">\n                <input type=\"submit\" name=\"_submit\" value=\"Přidat\" class=\"product-quantity-control-submit plus\" tabindex=\"-1\">\n            <input type=\"hidden\" name=\"do\" value=\"productWidget-widgetCarousel-1akce-buy-29302-quantityForm-submit\" tabindex=\"-1\"><!--[if IE]><input type=IEbug disabled style=\"display:none\"><![endif]-->\n</form>\n\n        </div>\n</div>\n\n        </div>\n\n        \n    </div><div id=\"product-append-4218\" class=\"product-item slick-slide\" style=\"width: 253px;\" data-slick-index=\"38\" aria-hidden=\"true\" tabindex=\"-1\" role=\"option\" aria-describedby=\"slick-slide038\">\n        <div class=\"product-item-flags\">\n            <div class=\"flag-sale \">\n                <span class=\"percents\">18<small>%</small></span>\n            </div>\n        </div>\n        <div class=\"product-item-image\">\n                <a data-href=\"/?productWidget-widgetCarousel-1akce-id=4218&amp;do=productWidget-widgetCarousel-1akce-modal\" data-target=\"productWidget-widgetCarousel-1akce-productModal\" onclick=\"kosikAjax.click(this)\" tabindex=\"-1\">\n                    <img src=\"https://cdn.kosik.cz/content/product/jpg/list/empty.jpg\" data-src=\"https://cdn.kosik.cz/content/product/jpg/list/4401.jpg\" alt=\"Panda pleny midi 48ks\" class=\"loading-images loading-image\">\n                </a>\n\n\n\n\n        </div>\n                <div class=\"product-item-info\">\n                <a data-href=\"/?productWidget-widgetCarousel-1akce-id=4218&amp;do=productWidget-widgetCarousel-1akce-modal\" class=\"product-name modal-link\" data-target=\"productWidget-widgetCarousel-1akce-productModal\" onclick=\"kosikAjax.click(this)\" tabindex=\"-1\">\n                    Panda pleny midi 48ks\n                </a>\n            <p class=\"product-item-price product-in-discount\">\n                <span class=\"price-before-discount\">\n\t\t\t\t\t<span><strong class=\"price\">219,90 Kč</strong></span>\n\t\t\t\t</span>\n<strong class=\"price\">179,90 Kč</strong>\n\n            </p>\n            <p class=\"product-item-unit\">\n                    (<strong class=\"price\">3,70 Kč</strong> / ks)\n            </p>\n                        <div class=\"product-list-rating\">\n                <span><ul class=\"rating\"><li class=\"rating-children rating-1 up\" data-rating=\"1\"><i class=\"fa fa-star\"></i></li><li class=\"rating-children rating-2 up\" data-rating=\"2\"><i class=\"fa fa-star\"></i></li><li class=\"rating-children rating-3 up\" data-rating=\"3\"><i class=\"fa fa-star\"></i></li><li class=\"rating-children rating-4 up\" data-rating=\"4\"><i class=\"fa fa-star\"></i></li><li class=\"rating-children rating-5 up\" data-rating=\"5\"><i class=\"fa fa-star\"></i></li></ul></span>\n            </div>\n<div id=\"snippet-productWidget-widgetCarousel-1akce-buy-4218-quantity\">        <div class=\"product-quantity-control\">\n            <form action=\"/\" method=\"post\" class=\"ajax\" id=\"frm-productWidget-widgetCarousel-1akce-buy-4218-quantityForm\">\n                <input type=\"text\" name=\"quantity\" size=\"3\" id=\"frm-productWidget-widgetCarousel-1akce-buy-4218-quantityForm-quantity\" data-nette-rules=\"[{&quot;op&quot;:&quot;:integer&quot;,&quot;msg&quot;:&quot;Množství musí být číslo.&quot;}]\" value=\"1\" tabindex=\"-1\">\n                <input type=\"submit\" name=\"_submit\" value=\"Přidat\" class=\"product-quantity-control-submit plus\" tabindex=\"-1\">\n            <input type=\"hidden\" name=\"do\" value=\"productWidget-widgetCarousel-1akce-buy-4218-quantityForm-submit\" tabindex=\"-1\"><!--[if IE]><input type=IEbug disabled style=\"display:none\"><![endif]-->\n</form>\n\n        </div>\n</div>\n\n        </div>\n\n        \n    </div><div id=\"product-append-29301\" class=\"product-item slick-slide\" style=\"width: 253px;\" data-slick-index=\"39\" aria-hidden=\"true\" tabindex=\"-1\" role=\"option\" aria-describedby=\"slick-slide039\">\n        <div class=\"product-item-flags\">\n            <div class=\"flag-sale \">\n                <span class=\"percents\">15<small>%</small></span>\n            </div>\n        </div>\n        <div class=\"product-item-image\">\n                <a data-href=\"/?productWidget-widgetCarousel-1akce-id=29301&amp;do=productWidget-widgetCarousel-1akce-modal\" data-target=\"productWidget-widgetCarousel-1akce-productModal\" onclick=\"kosikAjax.click(this)\" tabindex=\"-1\">\n                    <img src=\"https://cdn.kosik.cz/content/product/jpg/list/empty.jpg\" data-src=\"https://cdn.kosik.cz/content/product/jpg/list/46675.jpg\" alt=\"Organix Dětská rýže s přídavkem vitamínu B1 100g\" class=\"loading-images loading-image\">\n                </a>\n\n\n\n\n        </div>\n                <div class=\"product-item-info\">\n                <a data-href=\"/?productWidget-widgetCarousel-1akce-id=29301&amp;do=productWidget-widgetCarousel-1akce-modal\" class=\"product-name modal-link\" data-target=\"productWidget-widgetCarousel-1akce-productModal\" onclick=\"kosikAjax.click(this)\" tabindex=\"-1\">\n                    Organix Dětská rýže s přídavkem vitamínu B1 100g\n                </a>\n            <p class=\"product-item-price product-in-discount\">\n                <span class=\"price-before-discount\">\n\t\t\t\t\t<span><strong class=\"price\">108,90 Kč</strong></span>\n\t\t\t\t</span>\n<strong class=\"price\">92,90 Kč</strong>\n\n            </p>\n            <p class=\"product-item-unit\">\n                    (<strong class=\"price\">929,00 Kč</strong> / kg)\n            </p>\n                        <div class=\"product-list-rating\">\n            </div>\n<div id=\"snippet-productWidget-widgetCarousel-1akce-buy-29301-quantity\">        <div class=\"product-quantity-control\">\n            <form action=\"/\" method=\"post\" class=\"ajax\" id=\"frm-productWidget-widgetCarousel-1akce-buy-29301-quantityForm\">\n                <input type=\"text\" name=\"quantity\" size=\"3\" id=\"frm-productWidget-widgetCarousel-1akce-buy-29301-quantityForm-quantity\" data-nette-rules=\"[{&quot;op&quot;:&quot;:integer&quot;,&quot;msg&quot;:&quot;Množství musí být číslo.&quot;}]\" value=\"1\" tabindex=\"-1\">\n                <input type=\"submit\" name=\"_submit\" value=\"Přidat\" class=\"product-quantity-control-submit plus\" tabindex=\"-1\">\n            <input type=\"hidden\" name=\"do\" value=\"productWidget-widgetCarousel-1akce-buy-29301-quantityForm-submit\" tabindex=\"-1\"><!--[if IE]><input type=IEbug disabled style=\"display:none\"><![endif]-->\n</form>\n\n        </div>\n</div>\n\n        </div>\n\n        \n    </div><div id=\"product-append-1038\" class=\"product-item slick-slide\" style=\"width: 253px;\" data-slick-index=\"40\" aria-hidden=\"true\" tabindex=\"-1\" role=\"option\" aria-describedby=\"slick-slide040\">\n        <div class=\"product-item-flags\">\n            <div class=\"flag-sale \">\n                <span class=\"percents\">24<small>%</small></span>\n            </div>\n        </div>\n        <div class=\"product-item-image\">\n                <a data-href=\"/?productWidget-widgetCarousel-1akce-id=1038&amp;do=productWidget-widgetCarousel-1akce-modal\" data-target=\"productWidget-widgetCarousel-1akce-productModal\" onclick=\"kosikAjax.click(this)\" tabindex=\"-1\">\n                    <img src=\"https://cdn.kosik.cz/content/product/jpg/list/empty.jpg\" data-src=\"https://cdn.kosik.cz/content/product/jpg/list/1105.jpg\" alt=\"Madame Pompadour Likérový dezert višňový 150g\" class=\"loading-images loading-image\">\n                </a>\n\n\n\n\n        </div>\n                <div class=\"product-item-info\">\n                <a data-href=\"/?productWidget-widgetCarousel-1akce-id=1038&amp;do=productWidget-widgetCarousel-1akce-modal\" class=\"product-name modal-link\" data-target=\"productWidget-widgetCarousel-1akce-productModal\" onclick=\"kosikAjax.click(this)\" tabindex=\"-1\">\n                    Madame Pompadour Likérový dezert višňový 150g\n                </a>\n            <p class=\"product-item-price product-in-discount\">\n                <span class=\"price-before-discount\">\n\t\t\t\t\t<span><strong class=\"price\">45,90 Kč</strong></span>\n\t\t\t\t</span>\n<strong class=\"price\">34,90 Kč</strong>\n\n            </p>\n            <p class=\"product-item-unit\">\n                    (<strong class=\"price\">232,70 Kč</strong> / kg)\n            </p>\n                        <div class=\"product-list-rating\">\n            </div>\n<div id=\"snippet-productWidget-widgetCarousel-1akce-buy-1038-quantity\">        <div class=\"product-quantity-control\">\n            <form action=\"/\" method=\"post\" class=\"ajax\" id=\"frm-productWidget-widgetCarousel-1akce-buy-1038-quantityForm\">\n                <input type=\"text\" name=\"quantity\" size=\"3\" id=\"frm-productWidget-widgetCarousel-1akce-buy-1038-quantityForm-quantity\" data-nette-rules=\"[{&quot;op&quot;:&quot;:integer&quot;,&quot;msg&quot;:&quot;Množství musí být číslo.&quot;}]\" value=\"1\" tabindex=\"-1\">\n                <input type=\"submit\" name=\"_submit\" value=\"Přidat\" class=\"product-quantity-control-submit plus\" tabindex=\"-1\">\n            <input type=\"hidden\" name=\"do\" value=\"productWidget-widgetCarousel-1akce-buy-1038-quantityForm-submit\" tabindex=\"-1\"><!--[if IE]><input type=IEbug disabled style=\"display:none\"><![endif]-->\n</form>\n\n        </div>\n</div>\n\n        </div>\n\n        \n    </div><div id=\"product-append-11617\" class=\"product-item slick-slide\" style=\"width: 253px;\" data-slick-index=\"41\" aria-hidden=\"true\" tabindex=\"-1\" role=\"option\" aria-describedby=\"slick-slide041\">\n        <div class=\"product-item-flags\">\n            <div class=\"flag-sale \">\n                <span class=\"percents\">33<small>%</small></span>\n            </div>\n        </div>\n        <div class=\"product-item-image\">\n                <a data-href=\"/?productWidget-widgetCarousel-1akce-id=11617&amp;do=productWidget-widgetCarousel-1akce-modal\" data-target=\"productWidget-widgetCarousel-1akce-productModal\" onclick=\"kosikAjax.click(this)\" tabindex=\"-1\">\n                    <img src=\"https://cdn.kosik.cz/content/product/jpg/list/empty.jpg\" data-src=\"https://cdn.kosik.cz/content/product/jpg/list/29091.jpg\" alt=\"Krteček lískooříškový krém 150g\" class=\"loading-images loading-image\">\n                </a>\n\n\n\n\n        </div>\n                <div class=\"product-item-info\">\n                <a data-href=\"/?productWidget-widgetCarousel-1akce-id=11617&amp;do=productWidget-widgetCarousel-1akce-modal\" class=\"product-name modal-link\" data-target=\"productWidget-widgetCarousel-1akce-productModal\" onclick=\"kosikAjax.click(this)\" tabindex=\"-1\">\n                    Krteček lískooříškový krém 150g\n                </a>\n            <p class=\"product-item-price product-in-discount\">\n                <span class=\"price-before-discount\">\n\t\t\t\t\t<span><strong class=\"price\">29,90 Kč</strong></span>\n\t\t\t\t</span>\n<strong class=\"price\">19,90 Kč</strong>\n\n            </p>\n            <p class=\"product-item-unit\">\n                    (<strong class=\"price\">132,70 Kč</strong> / kg)\n            </p>\n                        <div class=\"product-list-rating\">\n            </div>\n<div id=\"snippet-productWidget-widgetCarousel-1akce-buy-11617-quantity\">        <div class=\"product-quantity-control\">\n            <form action=\"/\" method=\"post\" class=\"ajax\" id=\"frm-productWidget-widgetCarousel-1akce-buy-11617-quantityForm\">\n                <input type=\"text\" name=\"quantity\" size=\"3\" id=\"frm-productWidget-widgetCarousel-1akce-buy-11617-quantityForm-quantity\" data-nette-rules=\"[{&quot;op&quot;:&quot;:integer&quot;,&quot;msg&quot;:&quot;Množství musí být číslo.&quot;}]\" value=\"1\" tabindex=\"-1\">\n                <input type=\"submit\" name=\"_submit\" value=\"Přidat\" class=\"product-quantity-control-submit plus\" tabindex=\"-1\">\n            <input type=\"hidden\" name=\"do\" value=\"productWidget-widgetCarousel-1akce-buy-11617-quantityForm-submit\" tabindex=\"-1\"><!--[if IE]><input type=IEbug disabled style=\"display:none\"><![endif]-->\n</form>\n\n        </div>\n</div>\n\n        </div>\n\n        \n    </div><div id=\"product-append-11669\" class=\"product-item slick-slide\" style=\"width: 253px;\" data-slick-index=\"42\" aria-hidden=\"true\" tabindex=\"-1\" role=\"option\" aria-describedby=\"slick-slide042\">\n        <div class=\"product-item-flags\">\n            <div class=\"flag-sale \">\n                <span class=\"percents\">9<small>%</small></span>\n            </div>\n        </div>\n        <div class=\"product-item-image\">\n                <a data-href=\"/?productWidget-widgetCarousel-1akce-id=11669&amp;do=productWidget-widgetCarousel-1akce-modal\" data-target=\"productWidget-widgetCarousel-1akce-productModal\" onclick=\"kosikAjax.click(this)\" tabindex=\"-1\">\n                    <img src=\"https://cdn.kosik.cz/content/product/jpg/list/empty.jpg\" data-src=\"https://cdn.kosik.cz/content/product/jpg/list/29131.jpg\" alt=\"Bella Baby Happy 4+ Maxi plus jednorázové plenky 9-20kg 62 ks\" class=\"loading-images loading-image\">\n                </a>\n\n\n\n\n        </div>\n                <div class=\"product-item-info\">\n                <a data-href=\"/?productWidget-widgetCarousel-1akce-id=11669&amp;do=productWidget-widgetCarousel-1akce-modal\" class=\"product-name modal-link\" data-target=\"productWidget-widgetCarousel-1akce-productModal\" onclick=\"kosikAjax.click(this)\" tabindex=\"-1\">\n                    Bella Baby Happy 4+ Maxi plus jednorázové plenky 9-20kg 62 ks\n                </a>\n            <p class=\"product-item-price product-in-discount\">\n                <span class=\"price-before-discount\">\n\t\t\t\t\t<span><strong class=\"price\">349,90 Kč</strong></span>\n\t\t\t\t</span>\n<strong class=\"price\">319,90 Kč</strong>\n\n            </p>\n            <p class=\"product-item-unit\">\n                    (<strong class=\"price\">5,20 Kč</strong> / ks)\n            </p>\n                        <div class=\"product-list-rating\">\n            </div>\n<div id=\"snippet-productWidget-widgetCarousel-1akce-buy-11669-quantity\">        <div class=\"product-quantity-control\">\n            <form action=\"/\" method=\"post\" class=\"ajax\" id=\"frm-productWidget-widgetCarousel-1akce-buy-11669-quantityForm\">\n                <input type=\"text\" name=\"quantity\" size=\"3\" id=\"frm-productWidget-widgetCarousel-1akce-buy-11669-quantityForm-quantity\" data-nette-rules=\"[{&quot;op&quot;:&quot;:integer&quot;,&quot;msg&quot;:&quot;Množství musí být číslo.&quot;}]\" value=\"1\" tabindex=\"-1\">\n                <input type=\"submit\" name=\"_submit\" value=\"Přidat\" class=\"product-quantity-control-submit plus\" tabindex=\"-1\">\n            <input type=\"hidden\" name=\"do\" value=\"productWidget-widgetCarousel-1akce-buy-11669-quantityForm-submit\" tabindex=\"-1\"><!--[if IE]><input type=IEbug disabled style=\"display:none\"><![endif]-->\n</form>\n\n        </div>\n</div>\n\n        </div>\n\n        \n    </div><div id=\"product-append-3437\" class=\"product-item slick-slide\" style=\"width: 253px;\" data-slick-index=\"43\" aria-hidden=\"true\" tabindex=\"-1\" role=\"option\" aria-describedby=\"slick-slide043\">\n        <div class=\"product-item-flags\">\n            <div class=\"flag-sale \">\n                <span class=\"percents\">17<small>%</small></span>\n            </div>\n        </div>\n        <div class=\"product-item-image\">\n                <a data-href=\"/?productWidget-widgetCarousel-1akce-id=3437&amp;do=productWidget-widgetCarousel-1akce-modal\" data-target=\"productWidget-widgetCarousel-1akce-productModal\" onclick=\"kosikAjax.click(this)\" tabindex=\"-1\">\n                    <img src=\"https://cdn.kosik.cz/content/product/jpg/list/empty.jpg\" data-src=\"https://cdn.kosik.cz/content/product/jpg/list/3553.jpg\" alt=\"Panda Přebalovací podložky 60 x 60cm 10 ks\" class=\"loading-images loading-image\">\n                </a>\n\n\n\n\n        </div>\n                <div class=\"product-item-info\">\n                <a data-href=\"/?productWidget-widgetCarousel-1akce-id=3437&amp;do=productWidget-widgetCarousel-1akce-modal\" class=\"product-name modal-link\" data-target=\"productWidget-widgetCarousel-1akce-productModal\" onclick=\"kosikAjax.click(this)\" tabindex=\"-1\">\n                    Panda Přebalovací podložky 60 x 60cm 10 ks\n                </a>\n            <p class=\"product-item-price product-in-discount\">\n                <span class=\"price-before-discount\">\n\t\t\t\t\t<span><strong class=\"price\">89,90 Kč</strong></span>\n\t\t\t\t</span>\n<strong class=\"price\">74,90 Kč</strong>\n\n            </p>\n            <p class=\"product-item-unit\">\n                    (<strong class=\"price\">7,50 Kč</strong> / ks)\n            </p>\n                        <div class=\"product-list-rating\">\n            </div>\n<div id=\"snippet-productWidget-widgetCarousel-1akce-buy-3437-quantity\">        <div class=\"product-quantity-control\">\n            <form action=\"/\" method=\"post\" class=\"ajax\" id=\"frm-productWidget-widgetCarousel-1akce-buy-3437-quantityForm\">\n                <input type=\"text\" name=\"quantity\" size=\"3\" id=\"frm-productWidget-widgetCarousel-1akce-buy-3437-quantityForm-quantity\" data-nette-rules=\"[{&quot;op&quot;:&quot;:integer&quot;,&quot;msg&quot;:&quot;Množství musí být číslo.&quot;}]\" value=\"1\" tabindex=\"-1\">\n                <input type=\"submit\" name=\"_submit\" value=\"Přidat\" class=\"product-quantity-control-submit plus\" tabindex=\"-1\">\n            <input type=\"hidden\" name=\"do\" value=\"productWidget-widgetCarousel-1akce-buy-3437-quantityForm-submit\" tabindex=\"-1\"><!--[if IE]><input type=IEbug disabled style=\"display:none\"><![endif]-->\n</form>\n\n        </div>\n</div>\n\n        </div>\n\n        \n    </div><div id=\"product-append-22620\" class=\"product-item slick-slide\" style=\"width: 253px;\" data-slick-index=\"44\" aria-hidden=\"true\" tabindex=\"-1\" role=\"option\" aria-describedby=\"slick-slide044\">\n        <div class=\"product-item-flags\">\n            <div class=\"flag-sale \">\n                <span class=\"percents\">17<small>%</small></span>\n            </div>\n        </div>\n        <div class=\"product-item-image\">\n                <a data-href=\"/?productWidget-widgetCarousel-1akce-id=22620&amp;do=productWidget-widgetCarousel-1akce-modal\" data-target=\"productWidget-widgetCarousel-1akce-productModal\" onclick=\"kosikAjax.click(this)\" tabindex=\"-1\">\n                    <img src=\"https://cdn.kosik.cz/content/product/jpg/list/empty.jpg\" data-src=\"https://cdn.kosik.cz/content/product/jpg/list/39869.jpg\" alt=\"Manner Knoflíky jemný perník s ovocnou náplní máčený v čokoládě 180g\" class=\"loading-images loading-image\">\n                </a>\n\n\n\n\n        </div>\n                <div class=\"product-item-info\">\n                <a data-href=\"/?productWidget-widgetCarousel-1akce-id=22620&amp;do=productWidget-widgetCarousel-1akce-modal\" class=\"product-name modal-link\" data-target=\"productWidget-widgetCarousel-1akce-productModal\" onclick=\"kosikAjax.click(this)\" tabindex=\"-1\">\n                    Manner Knoflíky jemný perník s ovocnou náplní máčený v čokoládě 180g\n                </a>\n            <p class=\"product-item-price product-in-discount\">\n                <span class=\"price-before-discount\">\n\t\t\t\t\t<span><strong class=\"price\">41,90 Kč</strong></span>\n\t\t\t\t</span>\n<strong class=\"price\">34,90 Kč</strong>\n\n            </p>\n            <p class=\"product-item-unit\">\n                    (<strong class=\"price\">193,90 Kč</strong> / kg)\n            </p>\n                        <div class=\"product-list-rating\">\n            </div>\n<div id=\"snippet-productWidget-widgetCarousel-1akce-buy-22620-quantity\">        <div class=\"product-quantity-control\">\n            <form action=\"/\" method=\"post\" class=\"ajax\" id=\"frm-productWidget-widgetCarousel-1akce-buy-22620-quantityForm\">\n                <input type=\"text\" name=\"quantity\" size=\"3\" id=\"frm-productWidget-widgetCarousel-1akce-buy-22620-quantityForm-quantity\" data-nette-rules=\"[{&quot;op&quot;:&quot;:integer&quot;,&quot;msg&quot;:&quot;Množství musí být číslo.&quot;}]\" value=\"1\" tabindex=\"-1\">\n                <input type=\"submit\" name=\"_submit\" value=\"Přidat\" class=\"product-quantity-control-submit plus\" tabindex=\"-1\">\n            <input type=\"hidden\" name=\"do\" value=\"productWidget-widgetCarousel-1akce-buy-22620-quantityForm-submit\" tabindex=\"-1\"><!--[if IE]><input type=IEbug disabled style=\"display:none\"><![endif]-->\n</form>\n\n        </div>\n</div>\n\n        </div>\n\n        \n    </div><div id=\"product-append-1271\" class=\"product-item slick-slide\" style=\"width: 253px;\" data-slick-index=\"45\" aria-hidden=\"true\" tabindex=\"-1\" role=\"option\" aria-describedby=\"slick-slide045\">\n        <div class=\"product-item-flags\">\n            <div class=\"flag-sale \">\n                <span class=\"percents\">19<small>%</small></span>\n            </div>\n        </div>\n        <div class=\"product-item-image\">\n                <a data-href=\"/?productWidget-widgetCarousel-1akce-id=1271&amp;do=productWidget-widgetCarousel-1akce-modal\" data-target=\"productWidget-widgetCarousel-1akce-productModal\" onclick=\"kosikAjax.click(this)\" tabindex=\"-1\">\n                    <img src=\"https://cdn.kosik.cz/content/product/jpg/list/empty.jpg\" data-src=\"https://cdn.kosik.cz/content/product/jpg/list/1341.jpg\" alt=\"Figaro Čoko Piškoty Lesní ovoce 147g\" class=\"loading-images loading-image\">\n                </a>\n\n\n\n\n        </div>\n                <div class=\"product-item-info\">\n                <a data-href=\"/?productWidget-widgetCarousel-1akce-id=1271&amp;do=productWidget-widgetCarousel-1akce-modal\" class=\"product-name modal-link\" data-target=\"productWidget-widgetCarousel-1akce-productModal\" onclick=\"kosikAjax.click(this)\" tabindex=\"-1\">\n                    Figaro Čoko Piškoty Lesní ovoce 147g\n                </a>\n            <p class=\"product-item-price product-in-discount\">\n                <span class=\"price-before-discount\">\n\t\t\t\t\t<span><strong class=\"price\">25,90 Kč</strong></span>\n\t\t\t\t</span>\n<strong class=\"price\">20,90 Kč</strong>\n\n            </p>\n            <p class=\"product-item-unit\">\n                    (<strong class=\"price\">142,20 Kč</strong> / kg)\n            </p>\n                        <div class=\"product-list-rating\">\n            </div>\n<div id=\"snippet-productWidget-widgetCarousel-1akce-buy-1271-quantity\">        <div class=\"product-quantity-control\">\n            <form action=\"/\" method=\"post\" class=\"ajax\" id=\"frm-productWidget-widgetCarousel-1akce-buy-1271-quantityForm\">\n                <input type=\"text\" name=\"quantity\" size=\"3\" id=\"frm-productWidget-widgetCarousel-1akce-buy-1271-quantityForm-quantity\" data-nette-rules=\"[{&quot;op&quot;:&quot;:integer&quot;,&quot;msg&quot;:&quot;Množství musí být číslo.&quot;}]\" value=\"1\" tabindex=\"-1\">\n                <input type=\"submit\" name=\"_submit\" value=\"Přidat\" class=\"product-quantity-control-submit plus\" tabindex=\"-1\">\n            <input type=\"hidden\" name=\"do\" value=\"productWidget-widgetCarousel-1akce-buy-1271-quantityForm-submit\" tabindex=\"-1\"><!--[if IE]><input type=IEbug disabled style=\"display:none\"><![endif]-->\n</form>\n\n        </div>\n</div>\n\n        </div>\n\n        \n    </div><div id=\"product-append-16985\" class=\"product-item slick-slide\" style=\"width: 253px;\" data-slick-index=\"46\" aria-hidden=\"true\" tabindex=\"-1\" role=\"option\" aria-describedby=\"slick-slide046\">\n        <div class=\"product-item-flags\">\n            <div class=\"flag-sale \">\n                <span class=\"percents\">30<small>%</small></span>\n            </div>\n        </div>\n        <div class=\"product-item-image\">\n                <a data-href=\"/?productWidget-widgetCarousel-1akce-id=16985&amp;do=productWidget-widgetCarousel-1akce-modal\" data-target=\"productWidget-widgetCarousel-1akce-productModal\" onclick=\"kosikAjax.click(this)\" tabindex=\"-1\">\n                    <img src=\"https://cdn.kosik.cz/content/product/jpg/list/empty.jpg\" data-src=\"https://cdn.kosik.cz/content/product/jpg/list/34253.jpg\" alt=\"Juicee Gummee Duhové pendreky 85g\" class=\"loading-images loading-image\">\n                </a>\n\n\n\n\n        </div>\n                <div class=\"product-item-info\">\n                <a data-href=\"/?productWidget-widgetCarousel-1akce-id=16985&amp;do=productWidget-widgetCarousel-1akce-modal\" class=\"product-name modal-link\" data-target=\"productWidget-widgetCarousel-1akce-productModal\" onclick=\"kosikAjax.click(this)\" tabindex=\"-1\">\n                    Juicee Gummee Duhové pendreky 85g\n                </a>\n            <p class=\"product-item-price product-in-discount\">\n                <span class=\"price-before-discount\">\n\t\t\t\t\t<span><strong class=\"price\">16,90 Kč</strong></span>\n\t\t\t\t</span>\n<strong class=\"price\">11,90 Kč</strong>\n\n            </p>\n            <p class=\"product-item-unit\">\n                    (<strong class=\"price\">140,00 Kč</strong> / kg)\n            </p>\n                        <div class=\"product-list-rating\">\n            </div>\n<div id=\"snippet-productWidget-widgetCarousel-1akce-buy-16985-quantity\">        <div class=\"product-quantity-control\">\n            <form action=\"/\" method=\"post\" class=\"ajax\" id=\"frm-productWidget-widgetCarousel-1akce-buy-16985-quantityForm\">\n                <input type=\"text\" name=\"quantity\" size=\"3\" id=\"frm-productWidget-widgetCarousel-1akce-buy-16985-quantityForm-quantity\" data-nette-rules=\"[{&quot;op&quot;:&quot;:integer&quot;,&quot;msg&quot;:&quot;Množství musí být číslo.&quot;}]\" value=\"1\" tabindex=\"-1\">\n                <input type=\"submit\" name=\"_submit\" value=\"Přidat\" class=\"product-quantity-control-submit plus\" tabindex=\"-1\">\n            <input type=\"hidden\" name=\"do\" value=\"productWidget-widgetCarousel-1akce-buy-16985-quantityForm-submit\" tabindex=\"-1\"><!--[if IE]><input type=IEbug disabled style=\"display:none\"><![endif]-->\n</form>\n\n        </div>\n</div>\n\n        </div>\n\n        \n    </div><div id=\"product-append-11611\" class=\"product-item slick-slide\" style=\"width: 253px;\" data-slick-index=\"47\" aria-hidden=\"true\" tabindex=\"-1\" role=\"option\" aria-describedby=\"slick-slide047\">\n        <div class=\"product-item-flags\">\n            <div class=\"flag-sale \">\n                <span class=\"percents\">16<small>%</small></span>\n            </div>\n        </div>\n        <div class=\"product-item-image\">\n                <a data-href=\"/?productWidget-widgetCarousel-1akce-id=11611&amp;do=productWidget-widgetCarousel-1akce-modal\" data-target=\"productWidget-widgetCarousel-1akce-productModal\" onclick=\"kosikAjax.click(this)\" tabindex=\"-1\">\n                    <img src=\"https://cdn.kosik.cz/content/product/jpg/list/empty.jpg\" data-src=\"https://cdn.kosik.cz/content/product/jpg/list/29087.jpg\" alt=\"Moritz mléčná ledová čokoláda 170g kornout\" class=\"loading-images loading-image\">\n                </a>\n\n\n\n\n        </div>\n                <div class=\"product-item-info\">\n                <a data-href=\"/?productWidget-widgetCarousel-1akce-id=11611&amp;do=productWidget-widgetCarousel-1akce-modal\" class=\"product-name modal-link\" data-target=\"productWidget-widgetCarousel-1akce-productModal\" onclick=\"kosikAjax.click(this)\" tabindex=\"-1\">\n                    Moritz mléčná ledová čokoláda 170g kornout\n                </a>\n            <p class=\"product-item-price product-in-discount\">\n                <span class=\"price-before-discount\">\n\t\t\t\t\t<span><strong class=\"price\">31,50 Kč</strong></span>\n\t\t\t\t</span>\n<strong class=\"price\">26,50 Kč</strong>\n\n            </p>\n            <p class=\"product-item-unit\">\n                    (<strong class=\"price\">155,90 Kč</strong> / kg)\n            </p>\n                        <div class=\"product-list-rating\">\n            </div>\n<div id=\"snippet-productWidget-widgetCarousel-1akce-buy-11611-quantity\">        <div class=\"product-quantity-control\">\n            <form action=\"/\" method=\"post\" class=\"ajax\" id=\"frm-productWidget-widgetCarousel-1akce-buy-11611-quantityForm\">\n                <input type=\"text\" name=\"quantity\" size=\"3\" id=\"frm-productWidget-widgetCarousel-1akce-buy-11611-quantityForm-quantity\" data-nette-rules=\"[{&quot;op&quot;:&quot;:integer&quot;,&quot;msg&quot;:&quot;Množství musí být číslo.&quot;}]\" value=\"1\" tabindex=\"-1\">\n                <input type=\"submit\" name=\"_submit\" value=\"Přidat\" class=\"product-quantity-control-submit plus\" tabindex=\"-1\">\n            <input type=\"hidden\" name=\"do\" value=\"productWidget-widgetCarousel-1akce-buy-11611-quantityForm-submit\" tabindex=\"-1\"><!--[if IE]><input type=IEbug disabled style=\"display:none\"><![endif]-->\n</form>\n\n        </div>\n</div>\n\n        </div>\n\n        \n    </div><div id=\"product-append-30783\" class=\"product-item slick-slide\" style=\"width: 253px;\" data-slick-index=\"48\" aria-hidden=\"true\" tabindex=\"-1\" role=\"option\" aria-describedby=\"slick-slide048\">\n        <div class=\"product-item-flags\">\n            <div class=\"flag-sale \">\n                <span class=\"percents\">31<small>%</small></span>\n            </div>\n        </div>\n        <div class=\"product-item-image\">\n                <a data-href=\"/?productWidget-widgetCarousel-1akce-id=30783&amp;do=productWidget-widgetCarousel-1akce-modal\" data-target=\"productWidget-widgetCarousel-1akce-productModal\" onclick=\"kosikAjax.click(this)\" tabindex=\"-1\">\n                    <img src=\"https://cdn.kosik.cz/content/product/jpg/list/empty.jpg\" data-src=\"https://cdn.kosik.cz/content/product/jpg/list/48180.jpg\" alt=\"Persil DuoCaps prací kapsle 2x30 kapslí\" class=\"loading-images loading-image\">\n                </a>\n\n\n\n\n        </div>\n                <div class=\"product-item-info\">\n                <a data-href=\"/?productWidget-widgetCarousel-1akce-id=30783&amp;do=productWidget-widgetCarousel-1akce-modal\" class=\"product-name modal-link\" data-target=\"productWidget-widgetCarousel-1akce-productModal\" onclick=\"kosikAjax.click(this)\" tabindex=\"-1\">\n                    Persil DuoCaps prací kapsle 2x30 kapslí<br><span class=\"new-product\">Novinka</span>\n                </a>\n            <p class=\"product-item-price product-in-discount\">\n                <span class=\"price-before-discount\">\n\t\t\t\t\t<span><strong class=\"price\">539,90 Kč</strong></span>\n\t\t\t\t</span>\n<strong class=\"price\">369,90 Kč</strong>\n\n            </p>\n            <p class=\"product-item-unit\">\n                    (<strong class=\"price\">6,20 Kč</strong> / ks)\n            </p>\n                        <div class=\"product-list-rating\">\n            </div>\n<div id=\"snippet-productWidget-widgetCarousel-1akce-buy-30783-quantity\">        <div class=\"product-quantity-control\">\n            <form action=\"/\" method=\"post\" class=\"ajax\" id=\"frm-productWidget-widgetCarousel-1akce-buy-30783-quantityForm\">\n                <input type=\"text\" name=\"quantity\" size=\"3\" id=\"frm-productWidget-widgetCarousel-1akce-buy-30783-quantityForm-quantity\" data-nette-rules=\"[{&quot;op&quot;:&quot;:integer&quot;,&quot;msg&quot;:&quot;Množství musí být číslo.&quot;}]\" value=\"1\" tabindex=\"-1\">\n                <input type=\"submit\" name=\"_submit\" value=\"Přidat\" class=\"product-quantity-control-submit plus\" tabindex=\"-1\">\n            <input type=\"hidden\" name=\"do\" value=\"productWidget-widgetCarousel-1akce-buy-30783-quantityForm-submit\" tabindex=\"-1\"><!--[if IE]><input type=IEbug disabled style=\"display:none\"><![endif]-->\n</form>\n\n        </div>\n</div>\n\n        </div>\n\n        \n    </div><div id=\"product-append-6720\" class=\"product-item slick-slide\" style=\"width: 253px;\" data-slick-index=\"49\" aria-hidden=\"true\" tabindex=\"-1\" role=\"option\" aria-describedby=\"slick-slide049\">\n        <div class=\"product-item-flags\">\n            <div class=\"flag-sale \">\n                <span class=\"percents\">14<small>%</small></span>\n            </div>\n        </div>\n        <div class=\"product-item-image\">\n                <a data-href=\"/?productWidget-widgetCarousel-1akce-id=6720&amp;do=productWidget-widgetCarousel-1akce-modal\" data-target=\"productWidget-widgetCarousel-1akce-productModal\" onclick=\"kosikAjax.click(this)\" tabindex=\"-1\">\n                    <img src=\"https://cdn.kosik.cz/content/product/jpg/list/empty.jpg\" data-src=\"https://cdn.kosik.cz/content/product/jpg/list/9009.jpg\" alt=\"Sanytol Dezinfekční přípravek na prádlo 500ml\" class=\"loading-images loading-image\">\n                </a>\n\n\n\n\n        </div>\n                <div class=\"product-item-info\">\n                <a data-href=\"/?productWidget-widgetCarousel-1akce-id=6720&amp;do=productWidget-widgetCarousel-1akce-modal\" class=\"product-name modal-link\" data-target=\"productWidget-widgetCarousel-1akce-productModal\" onclick=\"kosikAjax.click(this)\" tabindex=\"-1\">\n                    Sanytol Dezinfekční přípravek na prádlo 500ml\n                </a>\n            <p class=\"product-item-price product-in-discount\">\n                <span class=\"price-before-discount\">\n\t\t\t\t\t<span><strong class=\"price\">86,90 Kč</strong></span>\n\t\t\t\t</span>\n<strong class=\"price\">74,90 Kč</strong>\n\n            </p>\n            <p class=\"product-item-unit\">\n                    (<strong class=\"price\">149,80 Kč</strong> / l)\n            </p>\n                        <div class=\"product-list-rating\">\n            </div>\n<div id=\"snippet-productWidget-widgetCarousel-1akce-buy-6720-quantity\">        <div class=\"product-quantity-control\">\n            <form action=\"/\" method=\"post\" class=\"ajax\" id=\"frm-productWidget-widgetCarousel-1akce-buy-6720-quantityForm\">\n                <input type=\"text\" name=\"quantity\" size=\"3\" id=\"frm-productWidget-widgetCarousel-1akce-buy-6720-quantityForm-quantity\" data-nette-rules=\"[{&quot;op&quot;:&quot;:integer&quot;,&quot;msg&quot;:&quot;Množství musí být číslo.&quot;}]\" value=\"1\" tabindex=\"-1\">\n                <input type=\"submit\" name=\"_submit\" value=\"Přidat\" class=\"product-quantity-control-submit plus\" tabindex=\"-1\">\n            <input type=\"hidden\" name=\"do\" value=\"productWidget-widgetCarousel-1akce-buy-6720-quantityForm-submit\" tabindex=\"-1\"><!--[if IE]><input type=IEbug disabled style=\"display:none\"><![endif]-->\n</form>\n\n        </div>\n</div>\n\n        </div>\n\n        \n    </div><div id=\"product-append-10648\" class=\"product-item slick-slide\" style=\"width: 253px;\" data-slick-index=\"50\" aria-hidden=\"true\" tabindex=\"-1\" role=\"option\" aria-describedby=\"slick-slide050\">\n        <div class=\"product-item-flags\">\n            <div class=\"flag-sale \">\n                <span class=\"percents\">20<small>%</small></span>\n            </div>\n        </div>\n        <div class=\"product-item-image\">\n                <a data-href=\"/?productWidget-widgetCarousel-1akce-id=10648&amp;do=productWidget-widgetCarousel-1akce-modal\" data-target=\"productWidget-widgetCarousel-1akce-productModal\" onclick=\"kosikAjax.click(this)\" tabindex=\"-1\">\n                    <img src=\"https://cdn.kosik.cz/content/product/jpg/list/empty.jpg\" data-src=\"https://cdn.kosik.cz/content/product/jpg/list/28331.jpg\" alt=\"Nivea Hawaii Flower &amp; Oil sprchový gel 250ml\" class=\"loading-images loading-image\">\n                </a>\n\n\n\n\n        </div>\n                <div class=\"product-item-info\">\n                <a data-href=\"/?productWidget-widgetCarousel-1akce-id=10648&amp;do=productWidget-widgetCarousel-1akce-modal\" class=\"product-name modal-link\" data-target=\"productWidget-widgetCarousel-1akce-productModal\" onclick=\"kosikAjax.click(this)\" tabindex=\"-1\">\n                    Nivea Hawaii Flower &amp; Oil sprchový gel 250ml\n                </a>\n            <p class=\"product-item-price product-in-discount\">\n                <span class=\"price-before-discount\">\n\t\t\t\t\t<span><strong class=\"price\">74,90 Kč</strong></span>\n\t\t\t\t</span>\n<strong class=\"price\">59,90 Kč</strong>\n\n            </p>\n            <p class=\"product-item-unit\">\n                    (<strong class=\"price\">239,60 Kč</strong> / l)\n            </p>\n                        <div class=\"product-list-rating\">\n            </div>\n<div id=\"snippet-productWidget-widgetCarousel-1akce-buy-10648-quantity\">        <div class=\"product-quantity-control\">\n            <form action=\"/\" method=\"post\" class=\"ajax\" id=\"frm-productWidget-widgetCarousel-1akce-buy-10648-quantityForm\">\n                <input type=\"text\" name=\"quantity\" size=\"3\" id=\"frm-productWidget-widgetCarousel-1akce-buy-10648-quantityForm-quantity\" data-nette-rules=\"[{&quot;op&quot;:&quot;:integer&quot;,&quot;msg&quot;:&quot;Množství musí být číslo.&quot;}]\" value=\"1\" tabindex=\"-1\">\n                <input type=\"submit\" name=\"_submit\" value=\"Přidat\" class=\"product-quantity-control-submit plus\" tabindex=\"-1\">\n            <input type=\"hidden\" name=\"do\" value=\"productWidget-widgetCarousel-1akce-buy-10648-quantityForm-submit\" tabindex=\"-1\"><!--[if IE]><input type=IEbug disabled style=\"display:none\"><![endif]-->\n</form>\n\n        </div>\n</div>\n\n        </div>\n\n        \n    </div><div id=\"product-append-3438\" class=\"product-item slick-slide\" style=\"width: 253px;\" data-slick-index=\"51\" aria-hidden=\"true\" tabindex=\"-1\" role=\"option\" aria-describedby=\"slick-slide051\">\n        <div class=\"product-item-flags\">\n            <div class=\"flag-sale \">\n                <span class=\"percents\">17<small>%</small></span>\n            </div>\n        </div>\n        <div class=\"product-item-image\">\n                <a data-href=\"/?productWidget-widgetCarousel-1akce-id=3438&amp;do=productWidget-widgetCarousel-1akce-modal\" data-target=\"productWidget-widgetCarousel-1akce-productModal\" onclick=\"kosikAjax.click(this)\" tabindex=\"-1\">\n                    <img src=\"https://cdn.kosik.cz/content/product/jpg/list/empty.jpg\" data-src=\"https://cdn.kosik.cz/content/product/jpg/list/3554.jpg\" alt=\"Panda Vlhčené ubrousky 64 ks\" class=\"loading-images loading-image\">\n                </a>\n\n\n\n\n        </div>\n                <div class=\"product-item-info\">\n                <a data-href=\"/?productWidget-widgetCarousel-1akce-id=3438&amp;do=productWidget-widgetCarousel-1akce-modal\" class=\"product-name modal-link\" data-target=\"productWidget-widgetCarousel-1akce-productModal\" onclick=\"kosikAjax.click(this)\" tabindex=\"-1\">\n                    Panda Vlhčené ubrousky 64 ks\n                </a>\n            <p class=\"product-item-price product-in-discount\">\n                <span class=\"price-before-discount\">\n\t\t\t\t\t<span><strong class=\"price\">34,90 Kč</strong></span>\n\t\t\t\t</span>\n<strong class=\"price\">28,90 Kč</strong>\n\n            </p>\n            <p class=\"product-item-unit\">\n                    (<strong class=\"price\">0,50 Kč</strong> / ks)\n            </p>\n                        <div class=\"product-list-rating\">\n            </div>\n<div id=\"snippet-productWidget-widgetCarousel-1akce-buy-3438-quantity\">        <div class=\"product-quantity-control\">\n            <form action=\"/\" method=\"post\" class=\"ajax\" id=\"frm-productWidget-widgetCarousel-1akce-buy-3438-quantityForm\">\n                <input type=\"text\" name=\"quantity\" size=\"3\" id=\"frm-productWidget-widgetCarousel-1akce-buy-3438-quantityForm-quantity\" data-nette-rules=\"[{&quot;op&quot;:&quot;:integer&quot;,&quot;msg&quot;:&quot;Množství musí být číslo.&quot;}]\" value=\"1\" tabindex=\"-1\">\n                <input type=\"submit\" name=\"_submit\" value=\"Přidat\" class=\"product-quantity-control-submit plus\" tabindex=\"-1\">\n            <input type=\"hidden\" name=\"do\" value=\"productWidget-widgetCarousel-1akce-buy-3438-quantityForm-submit\" tabindex=\"-1\"><!--[if IE]><input type=IEbug disabled style=\"display:none\"><![endif]-->\n</form>\n\n        </div>\n</div>\n\n        </div>\n\n        \n    </div><div id=\"product-append-6295\" class=\"product-item slick-slide\" style=\"width: 253px;\" data-slick-index=\"52\" aria-hidden=\"true\" tabindex=\"-1\" role=\"option\" aria-describedby=\"slick-slide052\">\n        <div class=\"product-item-flags\">\n            <div class=\"flag-sale \">\n                <span class=\"percents\">20<small>%</small></span>\n            </div>\n        </div>\n        <div class=\"product-item-image\">\n                <a data-href=\"/?productWidget-widgetCarousel-1akce-id=6295&amp;do=productWidget-widgetCarousel-1akce-modal\" data-target=\"productWidget-widgetCarousel-1akce-productModal\" onclick=\"kosikAjax.click(this)\" tabindex=\"-1\">\n                    <img src=\"https://cdn.kosik.cz/content/product/jpg/list/empty.jpg\" data-src=\"https://cdn.kosik.cz/content/product/jpg/list/8093.jpg\" alt=\"Alpa Batole Dětský šampon 200ml\" class=\"loading-images loading-image\">\n                </a>\n\n\n\n\n        </div>\n                <div class=\"product-item-info\">\n                <a data-href=\"/?productWidget-widgetCarousel-1akce-id=6295&amp;do=productWidget-widgetCarousel-1akce-modal\" class=\"product-name modal-link\" data-target=\"productWidget-widgetCarousel-1akce-productModal\" onclick=\"kosikAjax.click(this)\" tabindex=\"-1\">\n                    Alpa Batole Dětský šampon 200ml<br><span class=\"new-product\">Novinka</span>\n                </a>\n            <p class=\"product-item-price product-in-discount\">\n                <span class=\"price-before-discount\">\n\t\t\t\t\t<span><strong class=\"price\">49,90 Kč</strong></span>\n\t\t\t\t</span>\n<strong class=\"price\">39,90 Kč</strong>\n\n            </p>\n            <p class=\"product-item-unit\">\n                    (<strong class=\"price\">199,50 Kč</strong> / l)\n            </p>\n                        <div class=\"product-list-rating\">\n            </div>\n<div id=\"snippet-productWidget-widgetCarousel-1akce-buy-6295-quantity\">        <div class=\"product-quantity-control\">\n            <form action=\"/\" method=\"post\" class=\"ajax\" id=\"frm-productWidget-widgetCarousel-1akce-buy-6295-quantityForm\">\n                <input type=\"text\" name=\"quantity\" size=\"3\" id=\"frm-productWidget-widgetCarousel-1akce-buy-6295-quantityForm-quantity\" data-nette-rules=\"[{&quot;op&quot;:&quot;:integer&quot;,&quot;msg&quot;:&quot;Množství musí být číslo.&quot;}]\" value=\"1\" tabindex=\"-1\">\n                <input type=\"submit\" name=\"_submit\" value=\"Přidat\" class=\"product-quantity-control-submit plus\" tabindex=\"-1\">\n            <input type=\"hidden\" name=\"do\" value=\"productWidget-widgetCarousel-1akce-buy-6295-quantityForm-submit\" tabindex=\"-1\"><!--[if IE]><input type=IEbug disabled style=\"display:none\"><![endif]-->\n</form>\n\n        </div>\n</div>\n\n        </div>\n\n        \n    </div><div id=\"product-append-28586\" class=\"product-item slick-slide\" style=\"width: 253px;\" data-slick-index=\"53\" aria-hidden=\"true\" tabindex=\"-1\" role=\"option\" aria-describedby=\"slick-slide053\">\n        <div class=\"product-item-flags\">\n            <div class=\"flag-sale \">\n                <span class=\"percents\">22<small>%</small></span>\n            </div>\n        </div>\n        <div class=\"product-item-image\">\n                <a data-href=\"/?productWidget-widgetCarousel-1akce-id=28586&amp;do=productWidget-widgetCarousel-1akce-modal\" data-target=\"productWidget-widgetCarousel-1akce-productModal\" onclick=\"kosikAjax.click(this)\" tabindex=\"-1\">\n                    <img src=\"https://cdn.kosik.cz/content/product/jpg/list/empty.jpg\" data-src=\"https://cdn.kosik.cz/content/product/jpg/list/45929.jpg\" alt=\"Kores Dětské fixy Korello, 10 barev\" class=\"loading-images loading-image\">\n                </a>\n\n\n\n\n        </div>\n                <div class=\"product-item-info\">\n                <a data-href=\"/?productWidget-widgetCarousel-1akce-id=28586&amp;do=productWidget-widgetCarousel-1akce-modal\" class=\"product-name modal-link\" data-target=\"productWidget-widgetCarousel-1akce-productModal\" onclick=\"kosikAjax.click(this)\" tabindex=\"-1\">\n                    Kores Dětské fixy Korello, 10 barev\n                </a>\n            <p class=\"product-item-price product-in-discount\">\n                <span class=\"price-before-discount\">\n\t\t\t\t\t<span><strong class=\"price\">44,90 Kč</strong></span>\n\t\t\t\t</span>\n<strong class=\"price\">34,90 Kč</strong>\n\n            </p>\n            <p class=\"product-item-unit\">\n                    (<strong class=\"price\">3,50 Kč</strong> / ks)\n            </p>\n                        <div class=\"product-list-rating\">\n            </div>\n<div id=\"snippet-productWidget-widgetCarousel-1akce-buy-28586-quantity\">        <div class=\"product-quantity-control\">\n            <form action=\"/\" method=\"post\" class=\"ajax\" id=\"frm-productWidget-widgetCarousel-1akce-buy-28586-quantityForm\">\n                <input type=\"text\" name=\"quantity\" size=\"3\" id=\"frm-productWidget-widgetCarousel-1akce-buy-28586-quantityForm-quantity\" data-nette-rules=\"[{&quot;op&quot;:&quot;:integer&quot;,&quot;msg&quot;:&quot;Množství musí být číslo.&quot;}]\" value=\"1\" tabindex=\"-1\">\n                <input type=\"submit\" name=\"_submit\" value=\"Přidat\" class=\"product-quantity-control-submit plus\" tabindex=\"-1\">\n            <input type=\"hidden\" name=\"do\" value=\"productWidget-widgetCarousel-1akce-buy-28586-quantityForm-submit\" tabindex=\"-1\"><!--[if IE]><input type=IEbug disabled style=\"display:none\"><![endif]-->\n</form>\n\n        </div>\n</div>\n\n        </div>\n\n        \n    </div><div id=\"product-append-28569\" class=\"product-item slick-slide\" style=\"width: 253px;\" data-slick-index=\"54\" aria-hidden=\"true\" tabindex=\"-1\" role=\"option\" aria-describedby=\"slick-slide054\">\n        <div class=\"product-item-flags\">\n            <div class=\"flag-sale \">\n                <span class=\"percents\">18<small>%</small></span>\n            </div>\n        </div>\n        <div class=\"product-item-image\">\n                <a data-href=\"/?productWidget-widgetCarousel-1akce-id=28569&amp;do=productWidget-widgetCarousel-1akce-modal\" data-target=\"productWidget-widgetCarousel-1akce-productModal\" onclick=\"kosikAjax.click(this)\" tabindex=\"-1\">\n                    <img src=\"https://cdn.kosik.cz/content/product/jpg/list/empty.jpg\" data-src=\"https://cdn.kosik.cz/content/product/jpg/list/45912.jpg\" alt=\"Kores Kolores Pastelky trojhranné 12 ks\" class=\"loading-images loading-image\">\n                </a>\n\n\n\n\n        </div>\n                <div class=\"product-item-info\">\n                <a data-href=\"/?productWidget-widgetCarousel-1akce-id=28569&amp;do=productWidget-widgetCarousel-1akce-modal\" class=\"product-name modal-link\" data-target=\"productWidget-widgetCarousel-1akce-productModal\" onclick=\"kosikAjax.click(this)\" tabindex=\"-1\">\n                    Kores Kolores Pastelky trojhranné 12 ks\n                </a>\n            <p class=\"product-item-price product-in-discount\">\n                <span class=\"price-before-discount\">\n\t\t\t\t\t<span><strong class=\"price\">59,90 Kč</strong></span>\n\t\t\t\t</span>\n<strong class=\"price\">48,90 Kč</strong>\n\n            </p>\n            <p class=\"product-item-unit\">\n                    (<strong class=\"price\">4,10 Kč</strong> / ks)\n            </p>\n                        <div class=\"product-list-rating\">\n            </div>\n<div id=\"snippet-productWidget-widgetCarousel-1akce-buy-28569-quantity\">        <div class=\"product-quantity-control\">\n            <form action=\"/\" method=\"post\" class=\"ajax\" id=\"frm-productWidget-widgetCarousel-1akce-buy-28569-quantityForm\">\n                <input type=\"text\" name=\"quantity\" size=\"3\" id=\"frm-productWidget-widgetCarousel-1akce-buy-28569-quantityForm-quantity\" data-nette-rules=\"[{&quot;op&quot;:&quot;:integer&quot;,&quot;msg&quot;:&quot;Množství musí být číslo.&quot;}]\" value=\"1\" tabindex=\"-1\">\n                <input type=\"submit\" name=\"_submit\" value=\"Přidat\" class=\"product-quantity-control-submit plus\" tabindex=\"-1\">\n            <input type=\"hidden\" name=\"do\" value=\"productWidget-widgetCarousel-1akce-buy-28569-quantityForm-submit\" tabindex=\"-1\"><!--[if IE]><input type=IEbug disabled style=\"display:none\"><![endif]-->\n</form>\n\n        </div>\n</div>\n\n        </div>\n\n        \n    </div><div id=\"product-append-28375\" class=\"product-item slick-slide\" style=\"width: 253px;\" data-slick-index=\"55\" aria-hidden=\"true\" tabindex=\"-1\" role=\"option\" aria-describedby=\"slick-slide055\">\n        <div class=\"product-item-flags\">\n            <div class=\"flag-sale \">\n                <span class=\"percents\">22<small>%</small></span>\n            </div>\n        </div>\n        <div class=\"product-item-image\">\n                <a data-href=\"/?productWidget-widgetCarousel-1akce-id=28375&amp;do=productWidget-widgetCarousel-1akce-modal\" data-target=\"productWidget-widgetCarousel-1akce-productModal\" onclick=\"kosikAjax.click(this)\" tabindex=\"-1\">\n                    <img src=\"https://cdn.kosik.cz/content/product/jpg/list/empty.jpg\" data-src=\"https://cdn.kosik.cz/content/product/jpg/list/45713.jpg\" alt=\"Kores Lepicí tyčinka Chameleon 15g\" class=\"loading-images loading-image\">\n                </a>\n\n\n\n\n        </div>\n                <div class=\"product-item-info\">\n                <a data-href=\"/?productWidget-widgetCarousel-1akce-id=28375&amp;do=productWidget-widgetCarousel-1akce-modal\" class=\"product-name modal-link\" data-target=\"productWidget-widgetCarousel-1akce-productModal\" onclick=\"kosikAjax.click(this)\" tabindex=\"-1\">\n                    Kores Lepicí tyčinka Chameleon 15g\n                </a>\n            <p class=\"product-item-price product-in-discount\">\n                <span class=\"price-before-discount\">\n\t\t\t\t\t<span><strong class=\"price\">36,90 Kč</strong></span>\n\t\t\t\t</span>\n<strong class=\"price\">28,90 Kč</strong>\n\n            </p>\n            <p class=\"product-item-unit\">\n                    (<strong class=\"price\">1 926,70 Kč</strong> / kg)\n            </p>\n                        <div class=\"product-list-rating\">\n            </div>\n<div id=\"snippet-productWidget-widgetCarousel-1akce-buy-28375-quantity\">        <div class=\"product-quantity-control\">\n            <form action=\"/\" method=\"post\" class=\"ajax\" id=\"frm-productWidget-widgetCarousel-1akce-buy-28375-quantityForm\">\n                <input type=\"text\" name=\"quantity\" size=\"3\" id=\"frm-productWidget-widgetCarousel-1akce-buy-28375-quantityForm-quantity\" data-nette-rules=\"[{&quot;op&quot;:&quot;:integer&quot;,&quot;msg&quot;:&quot;Množství musí být číslo.&quot;}]\" value=\"1\" tabindex=\"-1\">\n                <input type=\"submit\" name=\"_submit\" value=\"Přidat\" class=\"product-quantity-control-submit plus\" tabindex=\"-1\">\n            <input type=\"hidden\" name=\"do\" value=\"productWidget-widgetCarousel-1akce-buy-28375-quantityForm-submit\" tabindex=\"-1\"><!--[if IE]><input type=IEbug disabled style=\"display:none\"><![endif]-->\n</form>\n\n        </div>\n</div>\n\n        </div>\n\n        \n    </div><div id=\"product-append-29869\" class=\"product-item slick-slide\" style=\"width: 253px;\" data-slick-index=\"56\" aria-hidden=\"true\" tabindex=\"-1\" role=\"option\" aria-describedby=\"slick-slide056\">\n        <div class=\"product-item-flags\">\n            <div class=\"flag-sale \">\n                <span class=\"percents\">22<small>%</small></span>\n            </div>\n        </div>\n        <div class=\"product-item-image\">\n                <a data-href=\"/?productWidget-widgetCarousel-1akce-id=29869&amp;do=productWidget-widgetCarousel-1akce-modal\" data-target=\"productWidget-widgetCarousel-1akce-productModal\" onclick=\"kosikAjax.click(this)\" tabindex=\"-1\">\n                    <img src=\"https://cdn.kosik.cz/content/product/jpg/list/empty.jpg\" data-src=\"https://cdn.kosik.cz/content/product/jpg/list/47259.jpg\" alt=\"Raciola Kuřecí stehenní řízek (cca 500g)\" class=\"loading-images loading-image\">\n                </a>\n\n\n\n\n        </div>\n                <div class=\"product-item-info\">\n                <a data-href=\"/?productWidget-widgetCarousel-1akce-id=29869&amp;do=productWidget-widgetCarousel-1akce-modal\" class=\"product-name modal-link\" data-target=\"productWidget-widgetCarousel-1akce-productModal\" onclick=\"kosikAjax.click(this)\" tabindex=\"-1\">\n                    Raciola Kuřecí stehenní řízek (cca 500g)\n                </a>\n            <p class=\"product-item-price product-in-discount\">\n                <span class=\"price-before-discount\">\n\t\t\t\t\t<span><strong class=\"price\">67,50 Kč</strong></span>\n\t\t\t\t</span>\n                <small class=\"circa-prefix\">cca </small><strong class=\"price\">52,90 Kč</strong>\n\n            </p>\n            <p class=\"product-item-unit\">\n                    (<strong class=\"price\">105,80 Kč</strong> / kg)\n            </p>\n                        <div class=\"product-list-rating\">\n            </div>\n<div id=\"snippet-productWidget-widgetCarousel-1akce-buy-29869-quantity\">        <div class=\"product-quantity-control\">\n            <form action=\"/\" method=\"post\" class=\"ajax\" id=\"frm-productWidget-widgetCarousel-1akce-buy-29869-quantityForm\">\n                <input type=\"text\" name=\"quantity\" size=\"3\" id=\"frm-productWidget-widgetCarousel-1akce-buy-29869-quantityForm-quantity\" data-nette-rules=\"[{&quot;op&quot;:&quot;:integer&quot;,&quot;msg&quot;:&quot;Množství musí být číslo.&quot;}]\" value=\"1\" tabindex=\"-1\">\n                <input type=\"submit\" name=\"_submit\" value=\"Přidat\" class=\"product-quantity-control-submit plus\" tabindex=\"-1\">\n            <input type=\"hidden\" name=\"do\" value=\"productWidget-widgetCarousel-1akce-buy-29869-quantityForm-submit\" tabindex=\"-1\"><!--[if IE]><input type=IEbug disabled style=\"display:none\"><![endif]-->\n</form>\n\n        </div>\n</div>\n\n        </div>\n\n        \n    </div><div id=\"product-append-7373\" class=\"product-item slick-slide\" style=\"width: 253px;\" data-slick-index=\"57\" aria-hidden=\"true\" tabindex=\"-1\" role=\"option\" aria-describedby=\"slick-slide057\">\n        <div class=\"product-item-flags\">\n            <div class=\"flag-sale \">\n                <span class=\"percents\">32<small>%</small></span>\n            </div>\n        </div>\n        <div class=\"product-item-image\">\n                <a data-href=\"/?productWidget-widgetCarousel-1akce-id=7373&amp;do=productWidget-widgetCarousel-1akce-modal\" data-target=\"productWidget-widgetCarousel-1akce-productModal\" onclick=\"kosikAjax.click(this)\" tabindex=\"-1\">\n                    <img src=\"https://cdn.kosik.cz/content/product/jpg/list/empty.jpg\" data-src=\"https://cdn.kosik.cz/content/product/jpg/list/11726.jpg\" alt=\"Nivea Men Cool Kick antiperspirant 150ml\" class=\"loading-images loading-image\">\n                </a>\n\n\n\n\n        </div>\n                <div class=\"product-item-info\">\n                <a data-href=\"/?productWidget-widgetCarousel-1akce-id=7373&amp;do=productWidget-widgetCarousel-1akce-modal\" class=\"product-name modal-link\" data-target=\"productWidget-widgetCarousel-1akce-productModal\" onclick=\"kosikAjax.click(this)\" tabindex=\"-1\">\n                    Nivea Men Cool Kick antiperspirant 150ml<br><span class=\"new-product\">Novinka</span>\n                </a>\n            <p class=\"product-item-price product-in-discount\">\n                <span class=\"price-before-discount\">\n\t\t\t\t\t<span><strong class=\"price\">87,90 Kč</strong></span>\n\t\t\t\t</span>\n<strong class=\"price\">59,90 Kč</strong>\n\n            </p>\n            <p class=\"product-item-unit\">\n                    (<strong class=\"price\">399,30 Kč</strong> / l)\n            </p>\n                        <div class=\"product-list-rating\">\n            </div>\n<div id=\"snippet-productWidget-widgetCarousel-1akce-buy-7373-quantity\">        <div class=\"product-quantity-control\">\n            <form action=\"/\" method=\"post\" class=\"ajax\" id=\"frm-productWidget-widgetCarousel-1akce-buy-7373-quantityForm\">\n                <input type=\"text\" name=\"quantity\" size=\"3\" id=\"frm-productWidget-widgetCarousel-1akce-buy-7373-quantityForm-quantity\" data-nette-rules=\"[{&quot;op&quot;:&quot;:integer&quot;,&quot;msg&quot;:&quot;Množství musí být číslo.&quot;}]\" value=\"1\" tabindex=\"-1\">\n                <input type=\"submit\" name=\"_submit\" value=\"Přidat\" class=\"product-quantity-control-submit plus\" tabindex=\"-1\">\n            <input type=\"hidden\" name=\"do\" value=\"productWidget-widgetCarousel-1akce-buy-7373-quantityForm-submit\" tabindex=\"-1\"><!--[if IE]><input type=IEbug disabled style=\"display:none\"><![endif]-->\n</form>\n\n        </div>\n</div>\n\n        </div>\n\n        \n    </div><div id=\"product-append-13690\" class=\"product-item slick-slide\" style=\"width: 253px;\" data-slick-index=\"58\" aria-hidden=\"true\" tabindex=\"-1\" role=\"option\" aria-describedby=\"slick-slide058\">\n        <div class=\"product-item-flags\">\n            <div class=\"flag-sale \">\n                <span class=\"percents\">15<small>%</small></span>\n            </div>\n        </div>\n        <div class=\"product-item-image\">\n                <a data-href=\"/?productWidget-widgetCarousel-1akce-id=13690&amp;do=productWidget-widgetCarousel-1akce-modal\" data-target=\"productWidget-widgetCarousel-1akce-productModal\" onclick=\"kosikAjax.click(this)\" tabindex=\"-1\">\n                    <img src=\"https://cdn.kosik.cz/content/product/jpg/list/empty.jpg\" data-src=\"https://cdn.kosik.cz/content/product/jpg/list/30943.jpg\" alt=\"Pstruh duhový kuchaný (cca 300g)\" class=\"loading-images loading-image\">\n                </a>\n\n\n\n\n        </div>\n                <div class=\"product-item-info\">\n                <a data-href=\"/?productWidget-widgetCarousel-1akce-id=13690&amp;do=productWidget-widgetCarousel-1akce-modal\" class=\"product-name modal-link\" data-target=\"productWidget-widgetCarousel-1akce-productModal\" onclick=\"kosikAjax.click(this)\" tabindex=\"-1\">\n                    Pstruh duhový kuchaný (cca 300g)\n                </a>\n            <p class=\"product-item-price product-in-discount\">\n                <span class=\"price-before-discount\">\n\t\t\t\t\t<span><strong class=\"price\">89,90 Kč</strong></span>\n\t\t\t\t</span>\n                <small class=\"circa-prefix\">cca </small><strong class=\"price\">76,30 Kč</strong>\n\n            </p>\n            <p class=\"product-item-unit\">\n                    (<strong class=\"price\">254,40 Kč</strong> / kg)\n            </p>\n                        <div class=\"product-list-rating\">\n            </div>\n<div id=\"snippet-productWidget-widgetCarousel-1akce-buy-13690-quantity\">        <div class=\"product-quantity-control\">\n            <form action=\"/\" method=\"post\" class=\"ajax\" id=\"frm-productWidget-widgetCarousel-1akce-buy-13690-quantityForm\">\n                <input type=\"text\" name=\"quantity\" size=\"3\" id=\"frm-productWidget-widgetCarousel-1akce-buy-13690-quantityForm-quantity\" data-nette-rules=\"[{&quot;op&quot;:&quot;:integer&quot;,&quot;msg&quot;:&quot;Množství musí být číslo.&quot;}]\" value=\"1\" tabindex=\"-1\">\n                <input type=\"submit\" name=\"_submit\" value=\"Přidat\" class=\"product-quantity-control-submit plus\" tabindex=\"-1\">\n            <input type=\"hidden\" name=\"do\" value=\"productWidget-widgetCarousel-1akce-buy-13690-quantityForm-submit\" tabindex=\"-1\"><!--[if IE]><input type=IEbug disabled style=\"display:none\"><![endif]-->\n</form>\n\n        </div>\n</div>\n\n        </div>\n\n        \n    </div><div id=\"product-append-30020\" class=\"product-item slick-slide\" style=\"width: 253px;\" data-slick-index=\"59\" aria-hidden=\"true\" tabindex=\"-1\" role=\"option\" aria-describedby=\"slick-slide059\">\n        <div class=\"product-item-flags\">\n            <div class=\"flag-sale \">\n                <span class=\"percents\">27<small>%</small></span>\n            </div>\n        </div>\n        <div class=\"product-item-image\">\n                <a data-href=\"/?productWidget-widgetCarousel-1akce-id=30020&amp;do=productWidget-widgetCarousel-1akce-modal\" data-target=\"productWidget-widgetCarousel-1akce-productModal\" onclick=\"kosikAjax.click(this)\" tabindex=\"-1\">\n                    <img src=\"https://cdn.kosik.cz/content/product/jpg/list/empty.jpg\" data-src=\"https://cdn.kosik.cz/content/product/jpg/list/47414.jpg\" alt=\"Nivea Aqua Effect Výživný denní krém 50ml\" class=\"loading-images loading-image\">\n                </a>\n\n\n\n\n        </div>\n                <div class=\"product-item-info\">\n                <a data-href=\"/?productWidget-widgetCarousel-1akce-id=30020&amp;do=productWidget-widgetCarousel-1akce-modal\" class=\"product-name modal-link\" data-target=\"productWidget-widgetCarousel-1akce-productModal\" onclick=\"kosikAjax.click(this)\" tabindex=\"-1\">\n                    Nivea Aqua Effect Výživný denní krém 50ml<br><span class=\"new-product\">Novinka</span>\n                </a>\n            <p class=\"product-item-price product-in-discount\">\n                <span class=\"price-before-discount\">\n\t\t\t\t\t<span><strong class=\"price\">149,90 Kč</strong></span>\n\t\t\t\t</span>\n<strong class=\"price\">109,90 Kč</strong>\n\n            </p>\n            <p class=\"product-item-unit\">\n                    (<strong class=\"price\">2 198,00 Kč</strong> / l)\n            </p>\n                        <div class=\"product-list-rating\">\n            </div>\n<div id=\"snippet-productWidget-widgetCarousel-1akce-buy-30020-quantity\">        <div class=\"product-quantity-control\">\n            <form action=\"/\" method=\"post\" class=\"ajax\" id=\"frm-productWidget-widgetCarousel-1akce-buy-30020-quantityForm\">\n                <input type=\"text\" name=\"quantity\" size=\"3\" id=\"frm-productWidget-widgetCarousel-1akce-buy-30020-quantityForm-quantity\" data-nette-rules=\"[{&quot;op&quot;:&quot;:integer&quot;,&quot;msg&quot;:&quot;Množství musí být číslo.&quot;}]\" value=\"1\" tabindex=\"-1\">\n                <input type=\"submit\" name=\"_submit\" value=\"Přidat\" class=\"product-quantity-control-submit plus\" tabindex=\"-1\">\n            <input type=\"hidden\" name=\"do\" value=\"productWidget-widgetCarousel-1akce-buy-30020-quantityForm-submit\" tabindex=\"-1\"><!--[if IE]><input type=IEbug disabled style=\"display:none\"><![endif]-->\n</form>\n\n        </div>\n</div>\n\n        </div>\n\n        \n    </div><div id=\"product-append-29577\" class=\"product-item slick-slide\" style=\"width: 253px;\" data-slick-index=\"60\" aria-hidden=\"true\" tabindex=\"-1\" role=\"option\" aria-describedby=\"slick-slide060\">\n        <div class=\"product-item-flags\">\n            <div class=\"flag-sale \">\n                <span class=\"percents\">13<small>%</small></span>\n            </div>\n        </div>\n        <div class=\"product-item-image\">\n                <a data-href=\"/?productWidget-widgetCarousel-1akce-id=29577&amp;do=productWidget-widgetCarousel-1akce-modal\" data-target=\"productWidget-widgetCarousel-1akce-productModal\" onclick=\"kosikAjax.click(this)\" tabindex=\"-1\">\n                    <img src=\"https://cdn.kosik.cz/content/product/jpg/list/empty.jpg\" data-src=\"https://cdn.kosik.cz/content/product/jpg/list/46957.jpg\" alt=\"Ezon Gothajský salám v celku (cca 400g)\" class=\"loading-images loading-image\">\n                </a>\n\n\n\n\n        </div>\n                <div class=\"product-item-info\">\n                <a data-href=\"/?productWidget-widgetCarousel-1akce-id=29577&amp;do=productWidget-widgetCarousel-1akce-modal\" class=\"product-name modal-link\" data-target=\"productWidget-widgetCarousel-1akce-productModal\" onclick=\"kosikAjax.click(this)\" tabindex=\"-1\">\n                    Ezon Gothajský salám v celku (cca 400g)<br><span class=\"new-product\">Novinka</span>\n                </a>\n            <p class=\"product-item-price product-in-discount\">\n                <span class=\"price-before-discount\">\n\t\t\t\t\t<span><strong class=\"price\">64,00 Kč</strong></span>\n\t\t\t\t</span>\n                <small class=\"circa-prefix\">cca </small><strong class=\"price\">55,90 Kč</strong>\n\n            </p>\n            <p class=\"product-item-unit\">\n                    (<strong class=\"price\">139,80 Kč</strong> / kg)\n            </p>\n                        <div class=\"product-list-rating\">\n            </div>\n<div id=\"snippet-productWidget-widgetCarousel-1akce-buy-29577-quantity\">        <div class=\"product-quantity-control\">\n            <form action=\"/\" method=\"post\" class=\"ajax\" id=\"frm-productWidget-widgetCarousel-1akce-buy-29577-quantityForm\">\n                <input type=\"text\" name=\"quantity\" size=\"3\" id=\"frm-productWidget-widgetCarousel-1akce-buy-29577-quantityForm-quantity\" data-nette-rules=\"[{&quot;op&quot;:&quot;:integer&quot;,&quot;msg&quot;:&quot;Množství musí být číslo.&quot;}]\" value=\"1\" tabindex=\"-1\">\n                <input type=\"submit\" name=\"_submit\" value=\"Přidat\" class=\"product-quantity-control-submit plus\" tabindex=\"-1\">\n            <input type=\"hidden\" name=\"do\" value=\"productWidget-widgetCarousel-1akce-buy-29577-quantityForm-submit\" tabindex=\"-1\"><!--[if IE]><input type=IEbug disabled style=\"display:none\"><![endif]-->\n</form>\n\n        </div>\n</div>\n\n        </div>\n\n        \n    </div><div id=\"product-append-397\" class=\"product-item slick-slide\" style=\"width: 253px;\" data-slick-index=\"61\" aria-hidden=\"true\" tabindex=\"-1\" role=\"option\" aria-describedby=\"slick-slide061\">\n        <div class=\"product-item-flags\">\n            <div class=\"flag-sale \">\n                <span class=\"percents\">30<small>%</small></span>\n            </div>\n        </div>\n        <div class=\"product-item-image\">\n                <a data-href=\"/?productWidget-widgetCarousel-1akce-id=397&amp;do=productWidget-widgetCarousel-1akce-modal\" data-target=\"productWidget-widgetCarousel-1akce-productModal\" onclick=\"kosikAjax.click(this)\" tabindex=\"-1\">\n                    <img src=\"https://cdn.kosik.cz/content/product/jpg/list/empty.jpg\" data-src=\"https://cdn.kosik.cz/content/product/jpg/list/419.jpg\" alt=\"Bluma tmavá (cca 90g)\" class=\"loading-images loading-image\">\n                </a>\n\n\n\n\n        </div>\n                <div class=\"product-item-info\">\n                <a data-href=\"/?productWidget-widgetCarousel-1akce-id=397&amp;do=productWidget-widgetCarousel-1akce-modal\" class=\"product-name modal-link\" data-target=\"productWidget-widgetCarousel-1akce-productModal\" onclick=\"kosikAjax.click(this)\" tabindex=\"-1\">\n                    Bluma tmavá (cca 90g)\n                </a>\n            <p class=\"product-item-price product-in-discount\">\n                <span class=\"price-before-discount\">\n\t\t\t\t\t<span><strong class=\"price\">8,10 Kč</strong></span>\n\t\t\t\t</span>\n                <small class=\"circa-prefix\">cca </small><strong class=\"price\">5,70 Kč</strong>\n\n            </p>\n            <p class=\"product-item-unit\">\n                    (<strong class=\"price\">62,90 Kč</strong> / kg)\n            </p>\n                        <div class=\"product-list-rating\">\n                <span><ul class=\"rating\"><li class=\"rating-children rating-1 up\" data-rating=\"1\"><i class=\"fa fa-star\"></i></li><li class=\"rating-children rating-2 up\" data-rating=\"2\"><i class=\"fa fa-star\"></i></li><li class=\"rating-children rating-3 up\" data-rating=\"3\"><i class=\"fa fa-star\"></i></li><li class=\"rating-children rating-4 up\" data-rating=\"4\"><i class=\"fa fa-star\"></i></li><li class=\"rating-children rating-5 down\" data-rating=\"5\"><i class=\"fa fa-star\"></i></li></ul></span>\n            </div>\n<div id=\"snippet-productWidget-widgetCarousel-1akce-buy-397-quantity\">        <div class=\"product-quantity-control\">\n            <form action=\"/\" method=\"post\" class=\"ajax\" id=\"frm-productWidget-widgetCarousel-1akce-buy-397-quantityForm\">\n                <input type=\"text\" name=\"quantity\" size=\"3\" id=\"frm-productWidget-widgetCarousel-1akce-buy-397-quantityForm-quantity\" data-nette-rules=\"[{&quot;op&quot;:&quot;:integer&quot;,&quot;msg&quot;:&quot;Množství musí být číslo.&quot;}]\" value=\"1\" tabindex=\"-1\">\n                <input type=\"submit\" name=\"_submit\" value=\"Přidat\" class=\"product-quantity-control-submit plus\" tabindex=\"-1\">\n            <input type=\"hidden\" name=\"do\" value=\"productWidget-widgetCarousel-1akce-buy-397-quantityForm-submit\" tabindex=\"-1\"><!--[if IE]><input type=IEbug disabled style=\"display:none\"><![endif]-->\n</form>\n\n        </div>\n</div>\n\n        </div>\n\n        \n    </div><div id=\"product-append-6829\" class=\"product-item slick-slide\" style=\"width: 253px;\" data-slick-index=\"62\" aria-hidden=\"true\" tabindex=\"-1\" role=\"option\" aria-describedby=\"slick-slide062\">\n        <div class=\"product-item-flags\">\n            <div class=\"flag-sale \">\n                <span class=\"percents\">20<small>%</small></span>\n            </div>\n        </div>\n        <div class=\"product-item-image\">\n                <a data-href=\"/?productWidget-widgetCarousel-1akce-id=6829&amp;do=productWidget-widgetCarousel-1akce-modal\" data-target=\"productWidget-widgetCarousel-1akce-productModal\" onclick=\"kosikAjax.click(this)\" tabindex=\"-1\">\n                    <img src=\"https://cdn.kosik.cz/content/product/jpg/list/empty.jpg\" data-src=\"https://cdn.kosik.cz/content/product/jpg/list/9172.jpg\" alt=\"Somat Standard Gel 2l\" class=\"loading-images loading-image\">\n                </a>\n\n\n\n\n        </div>\n                <div class=\"product-item-info\">\n                <a data-href=\"/?productWidget-widgetCarousel-1akce-id=6829&amp;do=productWidget-widgetCarousel-1akce-modal\" class=\"product-name modal-link\" data-target=\"productWidget-widgetCarousel-1akce-productModal\" onclick=\"kosikAjax.click(this)\" tabindex=\"-1\">\n                    Somat Standard Gel 2l\n                </a>\n            <p class=\"product-item-price product-in-discount\">\n                <span class=\"price-before-discount\">\n\t\t\t\t\t<span><strong class=\"price\">249,90 Kč</strong></span>\n\t\t\t\t</span>\n<strong class=\"price\">199,90 Kč</strong>\n\n            </p>\n            <p class=\"product-item-unit\">\n                    (<strong class=\"price\">100,00 Kč</strong> / l)\n            </p>\n                        <div class=\"product-list-rating\">\n            </div>\n<div id=\"snippet-productWidget-widgetCarousel-1akce-buy-6829-quantity\">        <div class=\"product-quantity-control\">\n            <form action=\"/\" method=\"post\" class=\"ajax\" id=\"frm-productWidget-widgetCarousel-1akce-buy-6829-quantityForm\">\n                <input type=\"text\" name=\"quantity\" size=\"3\" id=\"frm-productWidget-widgetCarousel-1akce-buy-6829-quantityForm-quantity\" data-nette-rules=\"[{&quot;op&quot;:&quot;:integer&quot;,&quot;msg&quot;:&quot;Množství musí být číslo.&quot;}]\" value=\"1\" tabindex=\"-1\">\n                <input type=\"submit\" name=\"_submit\" value=\"Přidat\" class=\"product-quantity-control-submit plus\" tabindex=\"-1\">\n            <input type=\"hidden\" name=\"do\" value=\"productWidget-widgetCarousel-1akce-buy-6829-quantityForm-submit\" tabindex=\"-1\"><!--[if IE]><input type=IEbug disabled style=\"display:none\"><![endif]-->\n</form>\n\n        </div>\n</div>\n\n        </div>\n\n        \n    </div><div id=\"product-append-30937\" class=\"product-item slick-slide\" style=\"width: 253px;\" data-slick-index=\"63\" aria-hidden=\"true\" tabindex=\"-1\" role=\"option\" aria-describedby=\"slick-slide063\">\n        <div class=\"product-item-flags\">\n            <div class=\"flag-sale \">\n                <span class=\"percents\">25<small>%</small></span>\n            </div>\n        </div>\n        <div class=\"product-item-image\">\n                <a data-href=\"/?productWidget-widgetCarousel-1akce-id=30937&amp;do=productWidget-widgetCarousel-1akce-modal\" data-target=\"productWidget-widgetCarousel-1akce-productModal\" onclick=\"kosikAjax.click(this)\" tabindex=\"-1\">\n                    <img src=\"https://cdn.kosik.cz/content/product/jpg/list/empty.jpg\" data-src=\"https://cdn.kosik.cz/content/product/jpg/list/48335.jpg\" alt=\"Chodura Staroměstská klobása 400g\" class=\"loading-images loading-image\">\n                </a>\n\n\n\n\n        </div>\n                <div class=\"product-item-info\">\n                <a data-href=\"/?productWidget-widgetCarousel-1akce-id=30937&amp;do=productWidget-widgetCarousel-1akce-modal\" class=\"product-name modal-link\" data-target=\"productWidget-widgetCarousel-1akce-productModal\" onclick=\"kosikAjax.click(this)\" tabindex=\"-1\">\n                    Chodura Staroměstská klobása 400g<br><span class=\"new-product\">Novinka</span>\n                </a>\n            <p class=\"product-item-price product-in-discount\">\n                <span class=\"price-before-discount\">\n\t\t\t\t\t<span><strong class=\"price\">79,90 Kč</strong></span>\n\t\t\t\t</span>\n<strong class=\"price\">59,90 Kč</strong>\n\n            </p>\n            <p class=\"product-item-unit\">\n                    (<strong class=\"price\">149,80 Kč</strong> / kg)\n            </p>\n                        <div class=\"product-list-rating\">\n            </div>\n<div id=\"snippet-productWidget-widgetCarousel-1akce-buy-30937-quantity\">        <div class=\"product-quantity-control\">\n            <form action=\"/\" method=\"post\" class=\"ajax\" id=\"frm-productWidget-widgetCarousel-1akce-buy-30937-quantityForm\">\n                <input type=\"text\" name=\"quantity\" size=\"3\" id=\"frm-productWidget-widgetCarousel-1akce-buy-30937-quantityForm-quantity\" data-nette-rules=\"[{&quot;op&quot;:&quot;:integer&quot;,&quot;msg&quot;:&quot;Množství musí být číslo.&quot;}]\" value=\"1\" tabindex=\"-1\">\n                <input type=\"submit\" name=\"_submit\" value=\"Přidat\" class=\"product-quantity-control-submit plus\" tabindex=\"-1\">\n            <input type=\"hidden\" name=\"do\" value=\"productWidget-widgetCarousel-1akce-buy-30937-quantityForm-submit\" tabindex=\"-1\"><!--[if IE]><input type=IEbug disabled style=\"display:none\"><![endif]-->\n</form>\n\n        </div>\n</div>\n\n        </div>\n\n        \n    </div><div id=\"product-append-7977\" class=\"product-item slick-slide\" style=\"width: 253px;\" data-slick-index=\"64\" aria-hidden=\"true\" tabindex=\"-1\" role=\"option\" aria-describedby=\"slick-slide064\">\n        <div class=\"product-item-flags\">\n            <div class=\"flag-sale \">\n                <span class=\"percents\">27<small>%</small></span>\n            </div>\n        </div>\n        <div class=\"product-item-image\">\n                <a data-href=\"/?productWidget-widgetCarousel-1akce-id=7977&amp;do=productWidget-widgetCarousel-1akce-modal\" data-target=\"productWidget-widgetCarousel-1akce-productModal\" onclick=\"kosikAjax.click(this)\" tabindex=\"-1\">\n                    <img src=\"https://cdn.kosik.cz/content/product/jpg/list/empty.jpg\" data-src=\"https://cdn.kosik.cz/content/product/jpg/list/13510.jpg\" alt=\"Jablko Jonagold (cca 230g)\" class=\"loading-images loading-image\">\n                </a>\n\n\n\n\n        </div>\n                <div class=\"product-item-info\">\n                <a data-href=\"/?productWidget-widgetCarousel-1akce-id=7977&amp;do=productWidget-widgetCarousel-1akce-modal\" class=\"product-name modal-link\" data-target=\"productWidget-widgetCarousel-1akce-productModal\" onclick=\"kosikAjax.click(this)\" tabindex=\"-1\">\n                    Jablko Jonagold (cca 230g)\n                </a>\n            <p class=\"product-item-price product-in-discount\">\n                <span class=\"price-before-discount\">\n\t\t\t\t\t<span><strong class=\"price\">6,90 Kč</strong></span>\n\t\t\t\t</span>\n                <small class=\"circa-prefix\">cca </small><strong class=\"price\">5,00 Kč</strong>\n\n            </p>\n            <p class=\"product-item-unit\">\n                    (<strong class=\"price\">21,90 Kč</strong> / kg)\n            </p>\n                        <div class=\"product-list-rating\">\n                <span><ul class=\"rating\"><li class=\"rating-children rating-1 up\" data-rating=\"1\"><i class=\"fa fa-star\"></i></li><li class=\"rating-children rating-2 up\" data-rating=\"2\"><i class=\"fa fa-star\"></i></li><li class=\"rating-children rating-3 up\" data-rating=\"3\"><i class=\"fa fa-star\"></i></li><li class=\"rating-children rating-4 down\" data-rating=\"4\"><i class=\"fa fa-star\"></i></li><li class=\"rating-children rating-5 down\" data-rating=\"5\"><i class=\"fa fa-star\"></i></li></ul></span>\n            </div>\n<div id=\"snippet-productWidget-widgetCarousel-1akce-buy-7977-quantity\">        <div class=\"product-quantity-control\">\n            <form action=\"/\" method=\"post\" class=\"ajax\" id=\"frm-productWidget-widgetCarousel-1akce-buy-7977-quantityForm\">\n                <input type=\"text\" name=\"quantity\" size=\"3\" id=\"frm-productWidget-widgetCarousel-1akce-buy-7977-quantityForm-quantity\" data-nette-rules=\"[{&quot;op&quot;:&quot;:integer&quot;,&quot;msg&quot;:&quot;Množství musí být číslo.&quot;}]\" value=\"1\" tabindex=\"-1\">\n                <input type=\"submit\" name=\"_submit\" value=\"Přidat\" class=\"product-quantity-control-submit plus\" tabindex=\"-1\">\n            <input type=\"hidden\" name=\"do\" value=\"productWidget-widgetCarousel-1akce-buy-7977-quantityForm-submit\" tabindex=\"-1\"><!--[if IE]><input type=IEbug disabled style=\"display:none\"><![endif]-->\n</form>\n\n        </div>\n</div>\n\n        </div>\n\n        \n    </div><div id=\"product-append-19182\" class=\"product-item slick-slide\" style=\"width: 253px;\" data-slick-index=\"65\" aria-hidden=\"true\" tabindex=\"-1\" role=\"option\" aria-describedby=\"slick-slide065\">\n        <div class=\"product-item-flags\">\n            <div class=\"flag-sale \">\n                <span class=\"percents\">29<small>%</small></span>\n            </div>\n        </div>\n        <div class=\"product-item-image\">\n                <a data-href=\"/?productWidget-widgetCarousel-1akce-id=19182&amp;do=productWidget-widgetCarousel-1akce-modal\" data-target=\"productWidget-widgetCarousel-1akce-productModal\" onclick=\"kosikAjax.click(this)\" tabindex=\"-1\">\n                    <img src=\"https://cdn.kosik.cz/content/product/jpg/list/empty.jpg\" data-src=\"https://cdn.kosik.cz/content/product/jpg/list/36434.jpg\" alt=\"Somat All in One lemon tablety do myčky 52ks\" class=\"loading-images loading-image\">\n                </a>\n\n\n\n\n        </div>\n                <div class=\"product-item-info\">\n                <a data-href=\"/?productWidget-widgetCarousel-1akce-id=19182&amp;do=productWidget-widgetCarousel-1akce-modal\" class=\"product-name modal-link\" data-target=\"productWidget-widgetCarousel-1akce-productModal\" onclick=\"kosikAjax.click(this)\" tabindex=\"-1\">\n                    Somat All in One lemon tablety do myčky 52ks<br><span class=\"new-product\">Novinka</span>\n                </a>\n            <p class=\"product-item-price product-in-discount\">\n                <span class=\"price-before-discount\">\n\t\t\t\t\t<span><strong class=\"price\">279,90 Kč</strong></span>\n\t\t\t\t</span>\n<strong class=\"price\">199,90 Kč</strong>\n\n            </p>\n            <p class=\"product-item-unit\">\n                    (<strong class=\"price\">3,80 Kč</strong> / ks)\n            </p>\n                        <div class=\"product-list-rating\">\n            </div>\n<div id=\"snippet-productWidget-widgetCarousel-1akce-buy-19182-quantity\">        <div class=\"product-quantity-control\">\n            <form action=\"/\" method=\"post\" class=\"ajax\" id=\"frm-productWidget-widgetCarousel-1akce-buy-19182-quantityForm\">\n                <input type=\"text\" name=\"quantity\" size=\"3\" id=\"frm-productWidget-widgetCarousel-1akce-buy-19182-quantityForm-quantity\" data-nette-rules=\"[{&quot;op&quot;:&quot;:integer&quot;,&quot;msg&quot;:&quot;Množství musí být číslo.&quot;}]\" value=\"1\" tabindex=\"-1\">\n                <input type=\"submit\" name=\"_submit\" value=\"Přidat\" class=\"product-quantity-control-submit plus\" tabindex=\"-1\">\n            <input type=\"hidden\" name=\"do\" value=\"productWidget-widgetCarousel-1akce-buy-19182-quantityForm-submit\" tabindex=\"-1\"><!--[if IE]><input type=IEbug disabled style=\"display:none\"><![endif]-->\n</form>\n\n        </div>\n</div>\n\n        </div>\n\n        \n    </div><div id=\"product-append-16581\" class=\"product-item slick-slide\" style=\"width: 253px;\" data-slick-index=\"66\" aria-hidden=\"true\" tabindex=\"-1\" role=\"option\" aria-describedby=\"slick-slide066\">\n        <div class=\"product-item-flags\">\n            <div class=\"flag-sale \">\n                <span class=\"percents\">33<small>%</small></span>\n            </div>\n        </div>\n        <div class=\"product-item-image\">\n                <a data-href=\"/?productWidget-widgetCarousel-1akce-id=16581&amp;do=productWidget-widgetCarousel-1akce-modal\" data-target=\"productWidget-widgetCarousel-1akce-productModal\" onclick=\"kosikAjax.click(this)\" tabindex=\"-1\">\n                    <img src=\"https://cdn.kosik.cz/content/product/jpg/list/empty.jpg\" data-src=\"https://cdn.kosik.cz/content/product/jpg/list/33849.jpg\" alt=\"Chodura Šunka Excellent nejvyšší jakosti shaved 100g\" class=\"loading-images loading-image\">\n                </a>\n\n\n\n\n        </div>\n                <div class=\"product-item-info\">\n                <a data-href=\"/?productWidget-widgetCarousel-1akce-id=16581&amp;do=productWidget-widgetCarousel-1akce-modal\" class=\"product-name modal-link\" data-target=\"productWidget-widgetCarousel-1akce-productModal\" onclick=\"kosikAjax.click(this)\" tabindex=\"-1\">\n                    Chodura Šunka Excellent nejvyšší jakosti shaved 100g\n                </a>\n            <p class=\"product-item-price product-in-discount\">\n                <span class=\"price-before-discount\">\n\t\t\t\t\t<span><strong class=\"price\">29,90 Kč</strong></span>\n\t\t\t\t</span>\n<strong class=\"price\">19,90 Kč</strong>\n\n            </p>\n            <p class=\"product-item-unit\">\n                    (<strong class=\"price\">199,00 Kč</strong> / kg)\n            </p>\n                        <div class=\"product-list-rating\">\n                <span><ul class=\"rating\"><li class=\"rating-children rating-1 up\" data-rating=\"1\"><i class=\"fa fa-star\"></i></li><li class=\"rating-children rating-2 up\" data-rating=\"2\"><i class=\"fa fa-star\"></i></li><li class=\"rating-children rating-3 up\" data-rating=\"3\"><i class=\"fa fa-star\"></i></li><li class=\"rating-children rating-4 up\" data-rating=\"4\"><i class=\"fa fa-star\"></i></li><li class=\"rating-children rating-5 up\" data-rating=\"5\"><i class=\"fa fa-star\"></i></li></ul></span>\n            </div>\n<div id=\"snippet-productWidget-widgetCarousel-1akce-buy-16581-quantity\">        <div class=\"product-quantity-control\">\n            <form action=\"/\" method=\"post\" class=\"ajax\" id=\"frm-productWidget-widgetCarousel-1akce-buy-16581-quantityForm\">\n                <input type=\"text\" name=\"quantity\" size=\"3\" id=\"frm-productWidget-widgetCarousel-1akce-buy-16581-quantityForm-quantity\" data-nette-rules=\"[{&quot;op&quot;:&quot;:integer&quot;,&quot;msg&quot;:&quot;Množství musí být číslo.&quot;}]\" value=\"1\" tabindex=\"-1\">\n                <input type=\"submit\" name=\"_submit\" value=\"Přidat\" class=\"product-quantity-control-submit plus\" tabindex=\"-1\">\n            <input type=\"hidden\" name=\"do\" value=\"productWidget-widgetCarousel-1akce-buy-16581-quantityForm-submit\" tabindex=\"-1\"><!--[if IE]><input type=IEbug disabled style=\"display:none\"><![endif]-->\n</form>\n\n        </div>\n</div>\n\n        </div>\n\n        \n    </div><div id=\"product-append-18584\" class=\"product-item slick-slide\" style=\"width: 253px;\" data-slick-index=\"67\" aria-hidden=\"true\" tabindex=\"-1\" role=\"option\" aria-describedby=\"slick-slide067\">\n        <div class=\"product-item-flags\">\n            <div class=\"flag-sale \">\n                <span class=\"percents\">20<small>%</small></span>\n            </div>\n        </div>\n        <div class=\"product-item-image\">\n                <a data-href=\"/?productWidget-widgetCarousel-1akce-id=18584&amp;do=productWidget-widgetCarousel-1akce-modal\" data-target=\"productWidget-widgetCarousel-1akce-productModal\" onclick=\"kosikAjax.click(this)\" tabindex=\"-1\">\n                    <img src=\"https://cdn.kosik.cz/content/product/jpg/list/empty.jpg\" data-src=\"https://cdn.kosik.cz/content/product/jpg/list/35837.jpg\" alt=\"Somat Classic prášek do myčky 2,5kg\" class=\"loading-images loading-image\">\n                </a>\n\n\n\n\n        </div>\n                <div class=\"product-item-info\">\n                <a data-href=\"/?productWidget-widgetCarousel-1akce-id=18584&amp;do=productWidget-widgetCarousel-1akce-modal\" class=\"product-name modal-link\" data-target=\"productWidget-widgetCarousel-1akce-productModal\" onclick=\"kosikAjax.click(this)\" tabindex=\"-1\">\n                    Somat Classic prášek do myčky 2,5kg\n                </a>\n            <p class=\"product-item-price product-in-discount\">\n                <span class=\"price-before-discount\">\n\t\t\t\t\t<span><strong class=\"price\">249,90 Kč</strong></span>\n\t\t\t\t</span>\n<strong class=\"price\">199,90 Kč</strong>\n\n            </p>\n            <p class=\"product-item-unit\">\n                    (<strong class=\"price\">80,00 Kč</strong> / kg)\n            </p>\n                        <div class=\"product-list-rating\">\n            </div>\n<div id=\"snippet-productWidget-widgetCarousel-1akce-buy-18584-quantity\">        <div class=\"product-quantity-control\">\n            <form action=\"/\" method=\"post\" class=\"ajax\" id=\"frm-productWidget-widgetCarousel-1akce-buy-18584-quantityForm\">\n                <input type=\"text\" name=\"quantity\" size=\"3\" id=\"frm-productWidget-widgetCarousel-1akce-buy-18584-quantityForm-quantity\" data-nette-rules=\"[{&quot;op&quot;:&quot;:integer&quot;,&quot;msg&quot;:&quot;Množství musí být číslo.&quot;}]\" value=\"1\" tabindex=\"-1\">\n                <input type=\"submit\" name=\"_submit\" value=\"Přidat\" class=\"product-quantity-control-submit plus\" tabindex=\"-1\">\n            <input type=\"hidden\" name=\"do\" value=\"productWidget-widgetCarousel-1akce-buy-18584-quantityForm-submit\" tabindex=\"-1\"><!--[if IE]><input type=IEbug disabled style=\"display:none\"><![endif]-->\n</form>\n\n        </div>\n</div>\n\n        </div>\n\n        \n    </div><div id=\"product-append-11535\" class=\"product-item slick-slide\" style=\"width: 253px;\" data-slick-index=\"68\" aria-hidden=\"true\" tabindex=\"-1\" role=\"option\" aria-describedby=\"slick-slide068\">\n        <div class=\"product-item-flags\">\n            <div class=\"flag-sale \">\n                <span class=\"percents\">29<small>%</small></span>\n            </div>\n        </div>\n        <div class=\"product-item-image\">\n                <a data-href=\"/?productWidget-widgetCarousel-1akce-id=11535&amp;do=productWidget-widgetCarousel-1akce-modal\" data-target=\"productWidget-widgetCarousel-1akce-productModal\" onclick=\"kosikAjax.click(this)\" tabindex=\"-1\">\n                    <img src=\"https://cdn.kosik.cz/content/product/jpg/list/empty.jpg\" data-src=\"https://cdn.kosik.cz/content/product/jpg/list/29035.jpg\" alt=\"Tento Design collection papírové kapesníčky 70 ks\" class=\"loading-images loading-image\">\n                </a>\n\n\n\n\n        </div>\n                <div class=\"product-item-info\">\n                <a data-href=\"/?productWidget-widgetCarousel-1akce-id=11535&amp;do=productWidget-widgetCarousel-1akce-modal\" class=\"product-name modal-link\" data-target=\"productWidget-widgetCarousel-1akce-productModal\" onclick=\"kosikAjax.click(this)\" tabindex=\"-1\">\n                    Tento Design collection papírové kapesníčky 70 ks\n                </a>\n            <p class=\"product-item-price product-in-discount\">\n                <span class=\"price-before-discount\">\n\t\t\t\t\t<span><strong class=\"price\">20,90 Kč</strong></span>\n\t\t\t\t</span>\n<strong class=\"price\">14,90 Kč</strong>\n\n            </p>\n            <p class=\"product-item-unit\">\n                    (<strong class=\"price\">0,20 Kč</strong> / ks)\n            </p>\n                        <div class=\"product-list-rating\">\n                <span><ul class=\"rating\"><li class=\"rating-children rating-1 up\" data-rating=\"1\"><i class=\"fa fa-star\"></i></li><li class=\"rating-children rating-2 up\" data-rating=\"2\"><i class=\"fa fa-star\"></i></li><li class=\"rating-children rating-3 down\" data-rating=\"3\"><i class=\"fa fa-star\"></i></li><li class=\"rating-children rating-4 down\" data-rating=\"4\"><i class=\"fa fa-star\"></i></li><li class=\"rating-children rating-5 down\" data-rating=\"5\"><i class=\"fa fa-star\"></i></li></ul></span>\n            </div>\n<div id=\"snippet-productWidget-widgetCarousel-1akce-buy-11535-quantity\">        <div class=\"product-quantity-control\">\n            <form action=\"/\" method=\"post\" class=\"ajax\" id=\"frm-productWidget-widgetCarousel-1akce-buy-11535-quantityForm\">\n                <input type=\"text\" name=\"quantity\" size=\"3\" id=\"frm-productWidget-widgetCarousel-1akce-buy-11535-quantityForm-quantity\" data-nette-rules=\"[{&quot;op&quot;:&quot;:integer&quot;,&quot;msg&quot;:&quot;Množství musí být číslo.&quot;}]\" value=\"1\" tabindex=\"-1\">\n                <input type=\"submit\" name=\"_submit\" value=\"Přidat\" class=\"product-quantity-control-submit plus\" tabindex=\"-1\">\n            <input type=\"hidden\" name=\"do\" value=\"productWidget-widgetCarousel-1akce-buy-11535-quantityForm-submit\" tabindex=\"-1\"><!--[if IE]><input type=IEbug disabled style=\"display:none\"><![endif]-->\n</form>\n\n        </div>\n</div>\n\n        </div>\n\n        \n    </div><div id=\"product-append-11533\" class=\"product-item slick-slide\" style=\"width: 253px;\" data-slick-index=\"69\" aria-hidden=\"true\" tabindex=\"-1\" role=\"option\" aria-describedby=\"slick-slide069\">\n        <div class=\"product-item-flags\">\n            <div class=\"flag-sale \">\n                <span class=\"percents\">31<small>%</small></span>\n            </div>\n        </div>\n        <div class=\"product-item-image\">\n                <a data-href=\"/?productWidget-widgetCarousel-1akce-id=11533&amp;do=productWidget-widgetCarousel-1akce-modal\" data-target=\"productWidget-widgetCarousel-1akce-productModal\" onclick=\"kosikAjax.click(this)\" tabindex=\"-1\">\n                    <img src=\"https://cdn.kosik.cz/content/product/jpg/list/empty.jpg\" data-src=\"https://cdn.kosik.cz/content/product/jpg/list/29033.jpg\" alt=\"Tento třívrstvé Papírové utěrky Extra strong 2 role\" class=\"loading-images loading-image\">\n                </a>\n\n\n\n\n        </div>\n                <div class=\"product-item-info\">\n                <a data-href=\"/?productWidget-widgetCarousel-1akce-id=11533&amp;do=productWidget-widgetCarousel-1akce-modal\" class=\"product-name modal-link\" data-target=\"productWidget-widgetCarousel-1akce-productModal\" onclick=\"kosikAjax.click(this)\" tabindex=\"-1\">\n                    Tento třívrstvé Papírové utěrky Extra strong 2 role\n                </a>\n            <p class=\"product-item-price product-in-discount\">\n                <span class=\"price-before-discount\">\n\t\t\t\t\t<span><strong class=\"price\">54,90 Kč</strong></span>\n\t\t\t\t</span>\n<strong class=\"price\">37,90 Kč</strong>\n\n            </p>\n            <p class=\"product-item-unit\">\n                    (<strong class=\"price\">19,00 Kč</strong> / ks)\n            </p>\n                        <div class=\"product-list-rating\">\n            </div>\n<div id=\"snippet-productWidget-widgetCarousel-1akce-buy-11533-quantity\">        <div class=\"product-quantity-control\">\n            <form action=\"/\" method=\"post\" class=\"ajax\" id=\"frm-productWidget-widgetCarousel-1akce-buy-11533-quantityForm\">\n                <input type=\"text\" name=\"quantity\" size=\"3\" id=\"frm-productWidget-widgetCarousel-1akce-buy-11533-quantityForm-quantity\" data-nette-rules=\"[{&quot;op&quot;:&quot;:integer&quot;,&quot;msg&quot;:&quot;Množství musí být číslo.&quot;}]\" value=\"1\" tabindex=\"-1\">\n                <input type=\"submit\" name=\"_submit\" value=\"Přidat\" class=\"product-quantity-control-submit plus\" tabindex=\"-1\">\n            <input type=\"hidden\" name=\"do\" value=\"productWidget-widgetCarousel-1akce-buy-11533-quantityForm-submit\" tabindex=\"-1\"><!--[if IE]><input type=IEbug disabled style=\"display:none\"><![endif]-->\n</form>\n\n        </div>\n</div>\n\n        </div>\n\n        \n    </div><div id=\"product-append-12853\" class=\"product-item slick-slide\" style=\"width: 253px;\" data-slick-index=\"70\" aria-hidden=\"true\" tabindex=\"-1\" role=\"option\" aria-describedby=\"slick-slide070\">\n        <div class=\"product-item-flags\">\n            <div class=\"flag-sale \">\n                <span class=\"percents\">20<small>%</small></span>\n            </div>\n        </div>\n        <div class=\"product-item-image\">\n                <a data-href=\"/?productWidget-widgetCarousel-1akce-id=12853&amp;do=productWidget-widgetCarousel-1akce-modal\" data-target=\"productWidget-widgetCarousel-1akce-productModal\" onclick=\"kosikAjax.click(this)\" tabindex=\"-1\">\n                    <img src=\"https://cdn.kosik.cz/content/product/jpg/list/empty.jpg\" data-src=\"https://cdn.kosik.cz/content/product/jpg/list/30221.jpg\" alt=\"Bulka z&nbsp;kamenné pece se slunečnicí 70g\" class=\"loading-images loading-image\">\n                </a>\n\n\n\n\n        </div>\n                <div class=\"product-item-info\">\n                <a data-href=\"/?productWidget-widgetCarousel-1akce-id=12853&amp;do=productWidget-widgetCarousel-1akce-modal\" class=\"product-name modal-link\" data-target=\"productWidget-widgetCarousel-1akce-productModal\" onclick=\"kosikAjax.click(this)\" tabindex=\"-1\">\n                    Bulka z&nbsp;kamenné pece se slunečnicí 70g\n                </a>\n            <p class=\"product-item-price product-in-discount\">\n                <span class=\"price-before-discount\">\n\t\t\t\t\t<span><strong class=\"price\">6,90 Kč</strong></span>\n\t\t\t\t</span>\n<strong class=\"price\">5,50 Kč</strong>\n\n            </p>\n            <p class=\"product-item-unit\">\n                    (<strong class=\"price\">78,60 Kč</strong> / kg)\n            </p>\n                        <div class=\"product-list-rating\">\n            </div>\n<div id=\"snippet-productWidget-widgetCarousel-1akce-buy-12853-quantity\">        <div class=\"product-quantity-control\">\n            <form action=\"/\" method=\"post\" class=\"ajax\" id=\"frm-productWidget-widgetCarousel-1akce-buy-12853-quantityForm\">\n                <input type=\"text\" name=\"quantity\" size=\"3\" id=\"frm-productWidget-widgetCarousel-1akce-buy-12853-quantityForm-quantity\" data-nette-rules=\"[{&quot;op&quot;:&quot;:integer&quot;,&quot;msg&quot;:&quot;Množství musí být číslo.&quot;}]\" value=\"1\" tabindex=\"-1\">\n                <input type=\"submit\" name=\"_submit\" value=\"Přidat\" class=\"product-quantity-control-submit plus\" tabindex=\"-1\">\n            <input type=\"hidden\" name=\"do\" value=\"productWidget-widgetCarousel-1akce-buy-12853-quantityForm-submit\" tabindex=\"-1\"><!--[if IE]><input type=IEbug disabled style=\"display:none\"><![endif]-->\n</form>\n\n        </div>\n</div>\n\n        </div>\n\n        \n    </div><div id=\"product-append-12816\" class=\"product-item slick-slide\" style=\"width: 253px;\" data-slick-index=\"71\" aria-hidden=\"true\" tabindex=\"-1\" role=\"option\" aria-describedby=\"slick-slide071\">\n        <div class=\"product-item-flags\">\n            <div class=\"flag-sale \">\n                <span class=\"percents\">26<small>%</small></span>\n            </div>\n        </div>\n        <div class=\"product-item-image\">\n                <a data-href=\"/?productWidget-widgetCarousel-1akce-id=12816&amp;do=productWidget-widgetCarousel-1akce-modal\" data-target=\"productWidget-widgetCarousel-1akce-productModal\" onclick=\"kosikAjax.click(this)\" tabindex=\"-1\">\n                    <img src=\"https://cdn.kosik.cz/content/product/jpg/list/empty.jpg\" data-src=\"https://cdn.kosik.cz/content/product/jpg/list/30191.jpg\" alt=\"Taštička s&nbsp;náplní lesních plodů 100g\" class=\"loading-images loading-image\">\n                </a>\n\n\n\n\n        </div>\n                <div class=\"product-item-info\">\n                <a data-href=\"/?productWidget-widgetCarousel-1akce-id=12816&amp;do=productWidget-widgetCarousel-1akce-modal\" class=\"product-name modal-link\" data-target=\"productWidget-widgetCarousel-1akce-productModal\" onclick=\"kosikAjax.click(this)\" tabindex=\"-1\">\n                    Taštička s&nbsp;náplní lesních plodů 100g\n                </a>\n            <p class=\"product-item-price product-in-discount\">\n                <span class=\"price-before-discount\">\n\t\t\t\t\t<span><strong class=\"price\">14,80 Kč</strong></span>\n\t\t\t\t</span>\n<strong class=\"price\">10,90 Kč</strong>\n\n            </p>\n            <p class=\"product-item-unit\">\n                    (<strong class=\"price\">109,00 Kč</strong> / kg)\n            </p>\n                        <div class=\"product-list-rating\">\n            </div>\n<div id=\"snippet-productWidget-widgetCarousel-1akce-buy-12816-quantity\">        <div class=\"product-quantity-control\">\n            <form action=\"/\" method=\"post\" class=\"ajax\" id=\"frm-productWidget-widgetCarousel-1akce-buy-12816-quantityForm\">\n                <input type=\"text\" name=\"quantity\" size=\"3\" id=\"frm-productWidget-widgetCarousel-1akce-buy-12816-quantityForm-quantity\" data-nette-rules=\"[{&quot;op&quot;:&quot;:integer&quot;,&quot;msg&quot;:&quot;Množství musí být číslo.&quot;}]\" value=\"1\" tabindex=\"-1\">\n                <input type=\"submit\" name=\"_submit\" value=\"Přidat\" class=\"product-quantity-control-submit plus\" tabindex=\"-1\">\n            <input type=\"hidden\" name=\"do\" value=\"productWidget-widgetCarousel-1akce-buy-12816-quantityForm-submit\" tabindex=\"-1\"><!--[if IE]><input type=IEbug disabled style=\"display:none\"><![endif]-->\n</form>\n\n        </div>\n</div>\n\n        </div>\n\n        \n    </div><div id=\"product-append-12778\" class=\"product-item slick-slide\" style=\"width: 253px;\" data-slick-index=\"72\" aria-hidden=\"true\" tabindex=\"-1\" role=\"option\" aria-describedby=\"slick-slide072\">\n        <div class=\"product-item-flags\">\n            <div class=\"flag-sale \">\n                <span class=\"percents\">24<small>%</small></span>\n            </div>\n        </div>\n        <div class=\"product-item-image\">\n                <a data-href=\"/?productWidget-widgetCarousel-1akce-id=12778&amp;do=productWidget-widgetCarousel-1akce-modal\" data-target=\"productWidget-widgetCarousel-1akce-productModal\" onclick=\"kosikAjax.click(this)\" tabindex=\"-1\">\n                    <img src=\"https://cdn.kosik.cz/content/product/jpg/list/empty.jpg\" data-src=\"https://cdn.kosik.cz/content/product/jpg/list/30061.jpg\" alt=\"Penam České buchtičky s tvarohovou náplní 360g\" class=\"loading-images loading-image\">\n                </a>\n\n\n\n\n        </div>\n                <div class=\"product-item-info\">\n                <a data-href=\"/?productWidget-widgetCarousel-1akce-id=12778&amp;do=productWidget-widgetCarousel-1akce-modal\" class=\"product-name modal-link\" data-target=\"productWidget-widgetCarousel-1akce-productModal\" onclick=\"kosikAjax.click(this)\" tabindex=\"-1\">\n                    Penam České buchtičky s tvarohovou náplní 360g\n                </a>\n            <p class=\"product-item-price product-in-discount\">\n                <span class=\"price-before-discount\">\n\t\t\t\t\t<span><strong class=\"price\">36,90 Kč</strong></span>\n\t\t\t\t</span>\n<strong class=\"price\">27,90 Kč</strong>\n\n            </p>\n            <p class=\"product-item-unit\">\n                    (<strong class=\"price\">77,50 Kč</strong> / kg)\n            </p>\n                        <div class=\"product-list-rating\">\n            </div>\n<div id=\"snippet-productWidget-widgetCarousel-1akce-buy-12778-quantity\">        <div class=\"product-quantity-control\">\n            <form action=\"/\" method=\"post\" class=\"ajax\" id=\"frm-productWidget-widgetCarousel-1akce-buy-12778-quantityForm\">\n                <input type=\"text\" name=\"quantity\" size=\"3\" id=\"frm-productWidget-widgetCarousel-1akce-buy-12778-quantityForm-quantity\" data-nette-rules=\"[{&quot;op&quot;:&quot;:integer&quot;,&quot;msg&quot;:&quot;Množství musí být číslo.&quot;}]\" value=\"1\" tabindex=\"-1\">\n                <input type=\"submit\" name=\"_submit\" value=\"Přidat\" class=\"product-quantity-control-submit plus\" tabindex=\"-1\">\n            <input type=\"hidden\" name=\"do\" value=\"productWidget-widgetCarousel-1akce-buy-12778-quantityForm-submit\" tabindex=\"-1\"><!--[if IE]><input type=IEbug disabled style=\"display:none\"><![endif]-->\n</form>\n\n        </div>\n</div>\n\n        </div>\n\n        \n    </div><div id=\"product-append-31151\" class=\"product-item slick-slide\" style=\"width: 253px;\" data-slick-index=\"73\" aria-hidden=\"true\" tabindex=\"-1\" role=\"option\" aria-describedby=\"slick-slide073\">\n        <div class=\"product-item-flags\">\n            <div class=\"flag-sale \">\n                <span class=\"percents\">20<small>%</small></span>\n            </div>\n        </div>\n        <div class=\"product-item-image\">\n                <a data-href=\"/?productWidget-widgetCarousel-1akce-id=31151&amp;do=productWidget-widgetCarousel-1akce-modal\" data-target=\"productWidget-widgetCarousel-1akce-productModal\" onclick=\"kosikAjax.click(this)\" tabindex=\"-1\">\n                    <img src=\"https://cdn.kosik.cz/content/product/jpg/list/empty.jpg\" data-src=\"https://cdn.kosik.cz/content/product/jpg/list/48564.jpg\" alt=\"Kornpečivo 60g\" class=\"loading-images loading-image\">\n                </a>\n\n\n\n\n        </div>\n                <div class=\"product-item-info\">\n                <a data-href=\"/?productWidget-widgetCarousel-1akce-id=31151&amp;do=productWidget-widgetCarousel-1akce-modal\" class=\"product-name modal-link\" data-target=\"productWidget-widgetCarousel-1akce-productModal\" onclick=\"kosikAjax.click(this)\" tabindex=\"-1\">\n                    Kornpečivo 60g\n                </a>\n            <p class=\"product-item-price product-in-discount\">\n                <span class=\"price-before-discount\">\n\t\t\t\t\t<span><strong class=\"price\">6,90 Kč</strong></span>\n\t\t\t\t</span>\n<strong class=\"price\">5,50 Kč</strong>\n\n            </p>\n            <p class=\"product-item-unit\">\n                    (<strong class=\"price\">91,70 Kč</strong> / kg)\n            </p>\n                        <div class=\"product-list-rating\">\n            </div>\n<div id=\"snippet-productWidget-widgetCarousel-1akce-buy-31151-quantity\">        <div class=\"product-quantity-control\">\n            <form action=\"/\" method=\"post\" class=\"ajax\" id=\"frm-productWidget-widgetCarousel-1akce-buy-31151-quantityForm\">\n                <input type=\"text\" name=\"quantity\" size=\"3\" id=\"frm-productWidget-widgetCarousel-1akce-buy-31151-quantityForm-quantity\" data-nette-rules=\"[{&quot;op&quot;:&quot;:integer&quot;,&quot;msg&quot;:&quot;Množství musí být číslo.&quot;}]\" value=\"1\" tabindex=\"-1\">\n                <input type=\"submit\" name=\"_submit\" value=\"Přidat\" class=\"product-quantity-control-submit plus\" tabindex=\"-1\">\n            <input type=\"hidden\" name=\"do\" value=\"productWidget-widgetCarousel-1akce-buy-31151-quantityForm-submit\" tabindex=\"-1\"><!--[if IE]><input type=IEbug disabled style=\"display:none\"><![endif]-->\n</form>\n\n        </div>\n</div>\n\n        </div>\n\n        \n    </div><div id=\"product-append-30985\" class=\"product-item slick-slide\" style=\"width: 253px;\" data-slick-index=\"74\" aria-hidden=\"true\" tabindex=\"-1\" role=\"option\" aria-describedby=\"slick-slide074\">\n        <div class=\"product-item-flags\">\n            <div class=\"flag-sale \">\n                <span class=\"percents\">20<small>%</small></span>\n            </div>\n        </div>\n        <div class=\"product-item-image\">\n                <a data-href=\"/?productWidget-widgetCarousel-1akce-id=30985&amp;do=productWidget-widgetCarousel-1akce-modal\" data-target=\"productWidget-widgetCarousel-1akce-productModal\" onclick=\"kosikAjax.click(this)\" tabindex=\"-1\">\n                    <img src=\"https://cdn.kosik.cz/content/product/jpg/list/empty.jpg\" data-src=\"https://cdn.kosik.cz/content/product/jpg/list/48383.jpg\" alt=\"Rohlík se slaninou a sýrem 70g\" class=\"loading-images loading-image\">\n                </a>\n\n\n\n\n        </div>\n                <div class=\"product-item-info\">\n                <a data-href=\"/?productWidget-widgetCarousel-1akce-id=30985&amp;do=productWidget-widgetCarousel-1akce-modal\" class=\"product-name modal-link\" data-target=\"productWidget-widgetCarousel-1akce-productModal\" onclick=\"kosikAjax.click(this)\" tabindex=\"-1\">\n                    Rohlík se slaninou a sýrem 70g<br><span class=\"new-product\">Novinka</span>\n                </a>\n            <p class=\"product-item-price product-in-discount\">\n                <span class=\"price-before-discount\">\n\t\t\t\t\t<span><strong class=\"price\">14,90 Kč</strong></span>\n\t\t\t\t</span>\n<strong class=\"price\">11,90 Kč</strong>\n\n            </p>\n            <p class=\"product-item-unit\">\n                    (<strong class=\"price\">170,00 Kč</strong> / kg)\n            </p>\n                        <div class=\"product-list-rating\">\n            </div>\n<div id=\"snippet-productWidget-widgetCarousel-1akce-buy-30985-quantity\">        <div class=\"product-quantity-control\">\n            <form action=\"/\" method=\"post\" class=\"ajax\" id=\"frm-productWidget-widgetCarousel-1akce-buy-30985-quantityForm\">\n                <input type=\"text\" name=\"quantity\" size=\"3\" id=\"frm-productWidget-widgetCarousel-1akce-buy-30985-quantityForm-quantity\" data-nette-rules=\"[{&quot;op&quot;:&quot;:integer&quot;,&quot;msg&quot;:&quot;Množství musí být číslo.&quot;}]\" value=\"1\" tabindex=\"-1\">\n                <input type=\"submit\" name=\"_submit\" value=\"Přidat\" class=\"product-quantity-control-submit plus\" tabindex=\"-1\">\n            <input type=\"hidden\" name=\"do\" value=\"productWidget-widgetCarousel-1akce-buy-30985-quantityForm-submit\" tabindex=\"-1\"><!--[if IE]><input type=IEbug disabled style=\"display:none\"><![endif]-->\n</form>\n\n        </div>\n</div>\n\n        </div>\n\n        \n    </div><div id=\"product-append-14488\" class=\"product-item slick-slide\" style=\"width: 253px;\" data-slick-index=\"75\" aria-hidden=\"true\" tabindex=\"-1\" role=\"option\" aria-describedby=\"slick-slide075\">\n        <div class=\"product-item-flags\">\n            <div class=\"flag-sale \">\n                <span class=\"percents\">20<small>%</small></span>\n            </div>\n        </div>\n        <div class=\"product-item-image\">\n                <a data-href=\"/?productWidget-widgetCarousel-1akce-id=14488&amp;do=productWidget-widgetCarousel-1akce-modal\" data-target=\"productWidget-widgetCarousel-1akce-productModal\" onclick=\"kosikAjax.click(this)\" tabindex=\"-1\">\n                    <img src=\"https://cdn.kosik.cz/content/product/jpg/list/empty.jpg\" data-src=\"https://cdn.kosik.cz/content/product/jpg/list/31757.jpg\" alt=\"PAC Hořovice Vrtule skořicová 40g\" class=\"loading-images loading-image\">\n                </a>\n\n\n\n\n        </div>\n                <div class=\"product-item-info\">\n                <a data-href=\"/?productWidget-widgetCarousel-1akce-id=14488&amp;do=productWidget-widgetCarousel-1akce-modal\" class=\"product-name modal-link\" data-target=\"productWidget-widgetCarousel-1akce-productModal\" onclick=\"kosikAjax.click(this)\" tabindex=\"-1\">\n                    PAC Hořovice Vrtule skořicová 40g\n                </a>\n            <p class=\"product-item-price product-in-discount\">\n                <span class=\"price-before-discount\">\n\t\t\t\t\t<span><strong class=\"price\">6,90 Kč</strong></span>\n\t\t\t\t</span>\n<strong class=\"price\">5,50 Kč</strong>\n\n            </p>\n            <p class=\"product-item-unit\">\n                    (<strong class=\"price\">137,50 Kč</strong> / kg)\n            </p>\n                        <div class=\"product-list-rating\">\n            </div>\n<div id=\"snippet-productWidget-widgetCarousel-1akce-buy-14488-quantity\">        <div class=\"product-quantity-control\">\n            <form action=\"/\" method=\"post\" class=\"ajax\" id=\"frm-productWidget-widgetCarousel-1akce-buy-14488-quantityForm\">\n                <input type=\"text\" name=\"quantity\" size=\"3\" id=\"frm-productWidget-widgetCarousel-1akce-buy-14488-quantityForm-quantity\" data-nette-rules=\"[{&quot;op&quot;:&quot;:integer&quot;,&quot;msg&quot;:&quot;Množství musí být číslo.&quot;}]\" value=\"1\" tabindex=\"-1\">\n                <input type=\"submit\" name=\"_submit\" value=\"Přidat\" class=\"product-quantity-control-submit plus\" tabindex=\"-1\">\n            <input type=\"hidden\" name=\"do\" value=\"productWidget-widgetCarousel-1akce-buy-14488-quantityForm-submit\" tabindex=\"-1\"><!--[if IE]><input type=IEbug disabled style=\"display:none\"><![endif]-->\n</form>\n\n        </div>\n</div>\n\n        </div>\n\n        \n    </div><div id=\"product-append-30755\" class=\"product-item slick-slide\" style=\"width: 253px;\" data-slick-index=\"76\" aria-hidden=\"true\" tabindex=\"-1\" role=\"option\" aria-describedby=\"slick-slide076\">\n        <div class=\"product-item-flags\">\n            <div class=\"flag-sale \">\n                <span class=\"percents\">25<small>%</small></span>\n            </div>\n        </div>\n        <div class=\"product-item-image\">\n                <a data-href=\"/?productWidget-widgetCarousel-1akce-id=30755&amp;do=productWidget-widgetCarousel-1akce-modal\" data-target=\"productWidget-widgetCarousel-1akce-productModal\" onclick=\"kosikAjax.click(this)\" tabindex=\"-1\">\n                    <img src=\"https://cdn.kosik.cz/content/product/jpg/list/empty.jpg\" data-src=\"https://cdn.kosik.cz/content/product/jpg/list/48152.jpg\" alt=\"Listový rohlík s arašídovou náplní 60g (pro oblast Brno)\" class=\"loading-images loading-image\">\n                </a>\n\n\n\n\n        </div>\n                <div class=\"product-item-info\">\n                <a data-href=\"/?productWidget-widgetCarousel-1akce-id=30755&amp;do=productWidget-widgetCarousel-1akce-modal\" class=\"product-name modal-link\" data-target=\"productWidget-widgetCarousel-1akce-productModal\" onclick=\"kosikAjax.click(this)\" tabindex=\"-1\">\n                    Listový rohlík s arašídovou náplní 60g (pro oblast Brno)\n                </a>\n            <p class=\"product-item-price product-in-discount\">\n                <span class=\"price-before-discount\">\n\t\t\t\t\t<span><strong class=\"price\">11,90 Kč</strong></span>\n\t\t\t\t</span>\n<strong class=\"price\">8,90 Kč</strong>\n\n            </p>\n            <p class=\"product-item-unit\">\n                    (<strong class=\"price\">148,30 Kč</strong> / kg)\n            </p>\n                        <div class=\"product-list-rating\">\n            </div>\n<div id=\"snippet-productWidget-widgetCarousel-1akce-buy-30755-quantity\">        <div class=\"product-quantity-control\">\n            <form action=\"/\" method=\"post\" class=\"ajax\" id=\"frm-productWidget-widgetCarousel-1akce-buy-30755-quantityForm\">\n                <input type=\"text\" name=\"quantity\" size=\"3\" id=\"frm-productWidget-widgetCarousel-1akce-buy-30755-quantityForm-quantity\" data-nette-rules=\"[{&quot;op&quot;:&quot;:integer&quot;,&quot;msg&quot;:&quot;Množství musí být číslo.&quot;}]\" value=\"1\" tabindex=\"-1\">\n                <input type=\"submit\" name=\"_submit\" value=\"Přidat\" class=\"product-quantity-control-submit plus\" tabindex=\"-1\">\n            <input type=\"hidden\" name=\"do\" value=\"productWidget-widgetCarousel-1akce-buy-30755-quantityForm-submit\" tabindex=\"-1\"><!--[if IE]><input type=IEbug disabled style=\"display:none\"><![endif]-->\n</form>\n\n        </div>\n</div>\n\n        </div>\n\n        \n    </div><div class=\"product-item slick-slide slick-cloned\" style=\"width: 253px;\" data-slick-index=\"77\" aria-hidden=\"true\" tabindex=\"-1\">\n        <div class=\"product-item-flags\">\n            <div class=\"flag-sale \">\n                <span class=\"percents\">24<small>%</small></span>\n            </div>\n        </div>\n        <div class=\"product-item-image\">\n                <a data-href=\"/?productWidget-widgetCarousel-1akce-id=13701&amp;do=productWidget-widgetCarousel-1akce-modal\" data-target=\"productWidget-widgetCarousel-1akce-productModal\" onclick=\"kosikAjax.click(this)\" tabindex=\"-1\">\n                    <img src=\"https://cdn.kosik.cz/content/product/jpg/list/empty.jpg\" data-src=\"https://cdn.kosik.cz/content/product/jpg/list/30954.jpg\" alt=\"Hollandia Selský jogurt jahoda 200g\" class=\"loading-images loading-image\">\n                </a>\n\n\n\n\n        </div>\n                <div class=\"product-item-info\">\n                <a data-href=\"/?productWidget-widgetCarousel-1akce-id=13701&amp;do=productWidget-widgetCarousel-1akce-modal\" class=\"product-name modal-link\" data-target=\"productWidget-widgetCarousel-1akce-productModal\" onclick=\"kosikAjax.click(this)\" tabindex=\"-1\">\n                    Hollandia Selský jogurt jahoda 200g\n                </a>\n            <p class=\"product-item-price product-in-discount\">\n                <span class=\"price-before-discount\">\n\t\t\t\t\t<span><strong class=\"price\">16,90 Kč</strong></span>\n\t\t\t\t</span>\n<strong class=\"price\">12,90 Kč</strong>\n\n            </p>\n            <p class=\"product-item-unit\">\n                    (<strong class=\"price\">64,50 Kč</strong> / kg)\n            </p>\n                        <div class=\"product-list-rating\">\n                <span><ul class=\"rating\"><li class=\"rating-children rating-1 up\" data-rating=\"1\"><i class=\"fa fa-star\"></i></li><li class=\"rating-children rating-2 up\" data-rating=\"2\"><i class=\"fa fa-star\"></i></li><li class=\"rating-children rating-3 up\" data-rating=\"3\"><i class=\"fa fa-star\"></i></li><li class=\"rating-children rating-4 up\" data-rating=\"4\"><i class=\"fa fa-star\"></i></li><li class=\"rating-children rating-5 up\" data-rating=\"5\"><i class=\"fa fa-star\"></i></li></ul></span>\n            </div>\n<div id=\"\">        <div class=\"product-quantity-control\">\n            <form action=\"/\" method=\"post\" class=\"ajax\" id=\"\">\n                <input type=\"text\" name=\"quantity\" size=\"3\" id=\"\" data-nette-rules=\"[{&quot;op&quot;:&quot;:integer&quot;,&quot;msg&quot;:&quot;Množství musí být číslo.&quot;}]\" value=\"1\" tabindex=\"-1\">\n                <input type=\"submit\" name=\"_submit\" value=\"Přidat\" class=\"product-quantity-control-submit plus\" tabindex=\"-1\">\n            <input type=\"hidden\" name=\"do\" value=\"productWidget-widgetCarousel-1akce-buy-13701-quantityForm-submit\" tabindex=\"-1\"><!--[if IE]><input type=IEbug disabled style=\"display:none\"><![endif]-->\n</form>\n\n        </div>\n</div>\n\n        </div>\n\n        \n    </div><div class=\"product-item slick-slide slick-cloned\" style=\"width: 253px;\" data-slick-index=\"78\" aria-hidden=\"true\" tabindex=\"-1\">\n        <div class=\"product-item-flags\">\n            <div class=\"flag-sale \">\n                <span class=\"percents\">23<small>%</small></span>\n            </div>\n        </div>\n        <div class=\"product-item-image\">\n                <a data-href=\"/?productWidget-widgetCarousel-1akce-id=18398&amp;do=productWidget-widgetCarousel-1akce-modal\" data-target=\"productWidget-widgetCarousel-1akce-productModal\" onclick=\"kosikAjax.click(this)\" tabindex=\"-1\">\n                    <img src=\"https://cdn.kosik.cz/content/product/jpg/list/empty.jpg\" data-src=\"https://cdn.kosik.cz/content/product/jpg/list/35651.jpg\" alt=\"Telecí květová špička maminha steak (cca 550g)\" class=\"loading-images loading-image\">\n                </a>\n\n\n\n\n        </div>\n                <div class=\"product-item-info\">\n                <a data-href=\"/?productWidget-widgetCarousel-1akce-id=18398&amp;do=productWidget-widgetCarousel-1akce-modal\" class=\"product-name modal-link\" data-target=\"productWidget-widgetCarousel-1akce-productModal\" onclick=\"kosikAjax.click(this)\" tabindex=\"-1\">\n                    Telecí květová špička maminha steak (cca 550g)\n                </a>\n            <p class=\"product-item-price product-in-discount\">\n                <span class=\"price-before-discount\">\n\t\t\t\t\t<span><strong class=\"price\">181,40 Kč</strong></span>\n\t\t\t\t</span>\n                <small class=\"circa-prefix\">cca </small><strong class=\"price\">139,90 Kč</strong>\n\n            </p>\n            <p class=\"product-item-unit\">\n                    (<strong class=\"price\">254,40 Kč</strong> / kg)\n            </p>\n                        <div class=\"product-list-rating\">\n            </div>\n<div id=\"\">        <div class=\"product-quantity-control\">\n            <form action=\"/\" method=\"post\" class=\"ajax\" id=\"\">\n                <input type=\"text\" name=\"quantity\" size=\"3\" id=\"\" data-nette-rules=\"[{&quot;op&quot;:&quot;:integer&quot;,&quot;msg&quot;:&quot;Množství musí být číslo.&quot;}]\" value=\"1\" tabindex=\"-1\">\n                <input type=\"submit\" name=\"_submit\" value=\"Přidat\" class=\"product-quantity-control-submit plus\" tabindex=\"-1\">\n            <input type=\"hidden\" name=\"do\" value=\"productWidget-widgetCarousel-1akce-buy-18398-quantityForm-submit\" tabindex=\"-1\"><!--[if IE]><input type=IEbug disabled style=\"display:none\"><![endif]-->\n</form>\n\n        </div>\n</div>\n\n        </div>\n\n        \n    </div><div class=\"product-item slick-slide slick-cloned\" style=\"width: 253px;\" data-slick-index=\"79\" aria-hidden=\"true\" tabindex=\"-1\">\n        <div class=\"product-item-flags\">\n            <div class=\"flag-sale \">\n                <span class=\"percents\">25<small>%</small></span>\n            </div>\n        </div>\n        <div class=\"product-item-image\">\n                <a data-href=\"/?productWidget-widgetCarousel-1akce-id=14099&amp;do=productWidget-widgetCarousel-1akce-modal\" data-target=\"productWidget-widgetCarousel-1akce-productModal\" onclick=\"kosikAjax.click(this)\" tabindex=\"-1\">\n                    <img src=\"https://cdn.kosik.cz/content/product/jpg/list/empty.jpg\" data-src=\"https://cdn.kosik.cz/content/product/jpg/list/31352.jpg\" alt=\"Borůvky vanička 125g\" class=\"loading-images loading-image\">\n                </a>\n\n\n\n\n        </div>\n                <div class=\"product-item-info\">\n                <a data-href=\"/?productWidget-widgetCarousel-1akce-id=14099&amp;do=productWidget-widgetCarousel-1akce-modal\" class=\"product-name modal-link\" data-target=\"productWidget-widgetCarousel-1akce-productModal\" onclick=\"kosikAjax.click(this)\" tabindex=\"-1\">\n                    Borůvky vanička 125g\n                </a>\n            <p class=\"product-item-price product-in-discount\">\n                <span class=\"price-before-discount\">\n\t\t\t\t\t<span><strong class=\"price\">59,90 Kč</strong></span>\n\t\t\t\t</span>\n<strong class=\"price\">44,90 Kč</strong>\n\n            </p>\n            <p class=\"product-item-unit\">\n                    (<strong class=\"price\">359,20 Kč</strong> / kg)\n            </p>\n                        <div class=\"product-list-rating\">\n                <span><ul class=\"rating\"><li class=\"rating-children rating-1 up\" data-rating=\"1\"><i class=\"fa fa-star\"></i></li><li class=\"rating-children rating-2 up\" data-rating=\"2\"><i class=\"fa fa-star\"></i></li><li class=\"rating-children rating-3 up\" data-rating=\"3\"><i class=\"fa fa-star\"></i></li><li class=\"rating-children rating-4 up\" data-rating=\"4\"><i class=\"fa fa-star\"></i></li><li class=\"rating-children rating-5 up\" data-rating=\"5\"><i class=\"fa fa-star\"></i></li></ul></span>\n            </div>\n<div id=\"\">        <div class=\"product-quantity-control\">\n            <form action=\"/\" method=\"post\" class=\"ajax\" id=\"\">\n                <input type=\"text\" name=\"quantity\" size=\"3\" id=\"\" data-nette-rules=\"[{&quot;op&quot;:&quot;:integer&quot;,&quot;msg&quot;:&quot;Množství musí být číslo.&quot;}]\" value=\"1\" tabindex=\"-1\">\n                <input type=\"submit\" name=\"_submit\" value=\"Přidat\" class=\"product-quantity-control-submit plus\" tabindex=\"-1\">\n            <input type=\"hidden\" name=\"do\" value=\"productWidget-widgetCarousel-1akce-buy-14099-quantityForm-submit\" tabindex=\"-1\"><!--[if IE]><input type=IEbug disabled style=\"display:none\"><![endif]-->\n</form>\n\n        </div>\n</div>\n\n        </div>\n\n        \n    </div></div></div><button type=\"button\" data-role=\"none\" class=\"slick-next slick-arrow\" aria-label=\"Next\" role=\"button\" style=\"display: block;\">Next</button></div>\n\n\n\n\n\n\t\t\t</div>\n\t\t</div>\n\n\n\t\t\t<div class=\"full-width-illusion\">\n\t\t\t\t<h2 class=\"full-width-strong-title\">Exkluzivně pro vás</h2>\n\t\t\t\t<div class=\"region region-special-category-tile\">\n\t\t\t\t\t<div class=\"region-inner\">\n\t\t\t\t\t\t<div class=\"triple-tile first\">\n\t\t\t\t\t\t\t<div class=\"tile long-tile\" style=\"background-color: #ff5e50\">\n\t\t\t\t\t\t\t\t<a href=\"\" title=\"Sýrový speciál\">\n\t\t\t\t\t\t\t\t\t<span class=\"tile-title\">Sýry z celého světa</span> <span class=\"start-special\">Začíná již brzy</span>\n\t\t\t\t\t\t\t\t\t<img src=\"/css/images/tmp/hp/special-category-tile-a.png\" alt=\"Sýrový speciál\">\n\t\t\t\t\t\t\t\t\t<!--<span class=\"show-button\"></span>-->\n\t\t\t\t\t\t\t\t</a>\n\t\t\t\t\t\t\t</div>\n\t\t\t\t\t\t\t<div class=\"short-wrapper\">\n\t\t\t\t\t\t\t\t<div class=\"tile short-tile\" style=\"background-color: #ffd824\">\n\t\t\t\t\t\t\t\t\t<a href=\"/microsite/italske-speciality\" title=\"Italské delikatesy\">\n\t\t\t\t\t\t\t\t\t\t<span class=\"tile-title\">Italské delikatesy</span>\n\t\t\t\t\t\t\t\t\t\t<img src=\"/css/images/tmp/hp/special-category-tile-c.png\" alt=\"Italské delikatesy\">\n\t\t\t\t\t\t\t\t\t\t<span class=\"show-button\"></span>\n\t\t\t\t\t\t\t\t\t</a>\n\t\t\t\t\t\t\t\t</div>\n\t\t\t\t\t\t\t\t<div class=\"tile short-tile\" style=\"background-color: #ffffff\">\n\t\t\t\t\t\t\t\t\t<a href=\"/microsite/maso-od-reznika\" title=\"Maso od řezníka\">\n\t\t\t\t\t\t\t\t\t\t<span class=\"tile-title\">Maso od řezníka</span>\n\t\t\t\t\t\t\t\t\t\t<img src=\"/css/images/tmp/hp/special-category-tile-d.png\" alt=\"Maso od řezníka\">\n\t\t\t\t\t\t\t\t\t\t<span class=\"show-button\"></span>\n\t\t\t\t\t\t\t\t\t</a>\n\t\t\t\t\t\t\t\t</div>\n\t\t\t\t\t\t\t</div>\n\n\t\t\t\t\t\t</div>\n\t\t\t\t\t\t<div class=\"tile single-tile first\" style=\"background-color: #cfde49\">\n\t\t\t\t\t\t\t<a href=\"/specialni-nabidka/farmarsky-special\" title=\"Farmářský speciál\">\n\t\t\t\t\t\t\t\t<span class=\"tile-title\">Přímo od farmáře</span>\n\t\t\t\t\t\t\t\t<img src=\"/css/images/tmp/hp/special-category-tile-b.png\" alt=\"Farmářský speciál\">\n\t\t\t\t\t\t\t\t<span class=\"show-button\"></span>\n\t\t\t\t\t\t\t</a>\n\t\t\t\t\t\t</div>\n\t\t\t\t\t\t<div class=\"tile single-tile second\" style=\"background-color: #ffffff\">\n\t\t\t\t\t\t\t<a href=\"/specialni-nabidka/vinny-special\" title=\"Vinný speciál\">\n\t\t\t\t\t\t\t\t<span class=\"tile-title\">Vinný sklípek</span>\n\t\t\t\t\t\t\t\t<img src=\"/css/images/tmp/hp/special-category-tile-e.png\" alt=\"Vinný speciál\">\n\t\t\t\t\t\t\t\t<span class=\"show-button\"></span>\n\t\t\t\t\t\t\t</a>\n\t\t\t\t\t\t</div>\n\t\t\t\t\t\t<div class=\"triple-tile second\">\n\t\t\t\t\t\t\t<div class=\"tile long-tile\" style=\"background-color: #4bb9c9\">\n\t\t\t\t\t\t\t\t<a href=\"/rybi-special\" title=\"Rybí speciál\">\n\t\t\t\t\t\t\t\t\t<span class=\"tile-title\">Ryby, ryby, rybičky</span>\n\t\t\t\t\t\t\t\t\t<img src=\"/css/images/tmp/hp/special-category-tile-f.png\" alt=\"Rybí speciál\">\n\t\t\t\t\t\t\t\t\t<span class=\"show-button\"></span>\n\t\t\t\t\t\t\t\t</a>\n\t\t\t\t\t\t\t</div>\n\t\t\t\t\t\t\t<div class=\"short-wrapper\">\n\t\t\t\t\t\t\t\t<div class=\"tile short-tile\" style=\"background-color: #ff9a48\">\n\t\t\t\t\t\t\t\t\t<a href=\"/microsite/nemecke-potraviny\" title=\"Německé potraviny\">\n\t\t\t\t\t\t\t\t\t\t<span class=\"tile-title\">Německé potraviny</span>\n\t\t\t\t\t\t\t\t\t\t<img src=\"/css/images/tmp/hp/special-category-tile-g.png\" alt=\"Německé potraviny\">\n\t\t\t\t\t\t\t\t\t\t<span class=\"show-button\"></span>\n\t\t\t\t\t\t\t\t\t</a>\n\t\t\t\t\t\t\t\t</div>\n\t\t\t\t\t\t\t\t<div class=\"tile short-tile\" style=\"background-color: #ffffff\">\n\t\t\t\t\t\t\t\t\t<a href=\"/microsite/thajska-kuchyne\" title=\"Asijská kuchyně\">\n\t\t\t\t\t\t\t\t\t\t<span class=\"tile-title\">Asijská kuchyně</span>\n\t\t\t\t\t\t\t\t\t\t<img src=\"/css/images/tmp/hp/special-category-tile-h.png\" alt=\"Asijská kuchyně\">\n\t\t\t\t\t\t\t\t\t\t<span class=\"show-button\"></span>\n\t\t\t\t\t\t\t\t\t</a>\n\t\t\t\t\t\t\t\t</div>\n\t\t\t\t\t\t\t</div>\n\t\t\t\t\t\t</div>\n\t\t\t\t\t</div>\n\t\t\t\t</div>\n\t\t\t</div>\n\n\t\t<div class=\"region region-carousel region-products no-aside product-widget\">\n\t\t\t<div class=\"home-product-widget region-inner region-products-inner slick-carousel\" data-open=\"4\" data-close=\"5\">\n\t\t\t\t<div class=\"block block-title\">\n\t\t\t\t\t<h3>Doporučujeme</h3>\n\t\t\t\t</div>\n<div class=\"block block-product-items product-items slick-initialized slick-slider\" data-ajax-append=\"product-item\" id=\"snippet-productWidget-widgetCarousel-1-productListArea\"><button type=\"button\" data-role=\"none\" class=\"slick-prev slick-arrow\" aria-label=\"Previous\" role=\"button\" style=\"display: block;\">Previous</button>\n    \n    \n    \n    \n    \n    \n    \n    \n    \n    \n    \n    \n    \n    \n    \n    \n    \n    \n    \n    \n    \n    \n    \n    \n    \n    \n    \n    \n    \n    \n    \n    \n    \n    \n    \n    \n    \n    \n    \n    \n    \n    \n    \n    \n    \n    \n    \n    \n    \n    \n    \n    \n    \n    \n    \n    \n    \n    \n    \n    \n    \n    \n    \n    \n    \n    \n    \n    \n    \n    \n    \n    \n    \n    \n    \n    \n    \n    \n    \n    \n    \n    \n    \n    \n    \n    \n    \n    \n    \n    \n    \n    \n<div aria-live=\"polite\" class=\"slick-list draggable\"><div class=\"slick-track\" style=\"opacity: 1; width: 24696px; transform: translate3d(-756px, 0px, 0px);\" role=\"listbox\"><div class=\"product-item slick-slide slick-cloned\" style=\"width: 253px;\" data-slick-index=\"-3\" aria-hidden=\"true\" tabindex=\"-1\">\n        <div class=\"product-item-flags\">\n        </div>\n        <div class=\"product-item-image\">\n                <a data-href=\"/?productWidget-widgetCarousel-1-id=29792&amp;do=productWidget-widgetCarousel-1-modal\" data-target=\"productWidget-widgetCarousel-1-productModal\" onclick=\"kosikAjax.click(this)\" tabindex=\"-1\">\n                    <img src=\"https://cdn.kosik.cz/content/product/jpg/list-retina/empty.jpg\" data-src=\"https://cdn.kosik.cz/content/product/jpg/list-retina/47180.jpg\" alt=\"Faho Knedlíky bramborové plněné uzeným masem 300g\" class=\"loading-images loading-image\">\n                </a>\n\n\n\n\n        </div>\n                <div class=\"product-item-info\">\n                <a data-href=\"/?productWidget-widgetCarousel-1-id=29792&amp;do=productWidget-widgetCarousel-1-modal\" class=\"product-name modal-link\" data-target=\"productWidget-widgetCarousel-1-productModal\" onclick=\"kosikAjax.click(this)\" tabindex=\"-1\">\n                    Faho Knedlíky bramborové plněné uzeným masem 300g<br><span class=\"new-product\">Novinka</span>\n                </a>\n            <p class=\"product-item-price \">\n                <span class=\"price-before-discount\">\n\t\t\t\t</span>\n<strong class=\"price\">54,90 Kč</strong>\n\n            </p>\n            <p class=\"product-item-unit\">\n                    (<strong class=\"price\">183,00 Kč</strong> / kg)\n            </p>\n                        <div class=\"product-list-rating\">\n            </div>\n<div id=\"\">        <div class=\"product-quantity-control\">\n            <form action=\"/\" method=\"post\" class=\"ajax\" id=\"\">\n                <input type=\"text\" name=\"quantity\" size=\"3\" id=\"\" data-nette-rules=\"[{&quot;op&quot;:&quot;:integer&quot;,&quot;msg&quot;:&quot;Množství musí být číslo.&quot;}]\" value=\"1\" tabindex=\"-1\">\n                <input type=\"submit\" name=\"_submit\" value=\"Přidat\" class=\"product-quantity-control-submit plus\" tabindex=\"-1\">\n            <input type=\"hidden\" name=\"do\" value=\"productWidget-widgetCarousel-1-buy-29792-quantityForm-submit\" tabindex=\"-1\"><!--[if IE]><input type=IEbug disabled style=\"display:none\"><![endif]-->\n</form>\n\n        </div>\n</div>\n\n        </div>\n\n        \n    </div><div class=\"product-item slick-slide slick-cloned\" style=\"width: 253px;\" data-slick-index=\"-2\" aria-hidden=\"true\" tabindex=\"-1\">\n        <div class=\"product-item-flags\">\n        </div>\n        <div class=\"product-item-image\">\n                <a data-href=\"/?productWidget-widgetCarousel-1-id=89&amp;do=productWidget-widgetCarousel-1-modal\" data-target=\"productWidget-widgetCarousel-1-productModal\" onclick=\"kosikAjax.click(this)\" tabindex=\"-1\">\n                    <img src=\"https://cdn.kosik.cz/content/product/jpg/list-retina/empty.jpg\" data-src=\"https://cdn.kosik.cz/content/product/jpg/list-retina/94.jpg\" alt=\"Pedigree Rodeo Lahodné závitky na žvýkání s kuřecím masem 70g\" class=\"loading-images loading-image\">\n                </a>\n\n\n\n\n        </div>\n                <div class=\"product-item-info\">\n                <a data-href=\"/?productWidget-widgetCarousel-1-id=89&amp;do=productWidget-widgetCarousel-1-modal\" class=\"product-name modal-link\" data-target=\"productWidget-widgetCarousel-1-productModal\" onclick=\"kosikAjax.click(this)\" tabindex=\"-1\">\n                    Pedigree Rodeo Lahodné závitky na žvýkání s kuřecím masem 70g\n                </a>\n            <p class=\"product-item-price \">\n                <span class=\"price-before-discount\">\n\t\t\t\t</span>\n<strong class=\"price\">26,90 Kč</strong>\n\n            </p>\n            <p class=\"product-item-unit\">\n                    (<strong class=\"price\">384,30 Kč</strong> / kg)\n            </p>\n                        <div class=\"product-list-rating\">\n            </div>\n<div id=\"\">        <div class=\"product-quantity-control\">\n            <form action=\"/\" method=\"post\" class=\"ajax\" id=\"\">\n                <input type=\"text\" name=\"quantity\" size=\"3\" id=\"\" data-nette-rules=\"[{&quot;op&quot;:&quot;:integer&quot;,&quot;msg&quot;:&quot;Množství musí být číslo.&quot;}]\" value=\"1\" tabindex=\"-1\">\n                <input type=\"submit\" name=\"_submit\" value=\"Přidat\" class=\"product-quantity-control-submit plus\" tabindex=\"-1\">\n            <input type=\"hidden\" name=\"do\" value=\"productWidget-widgetCarousel-1-buy-89-quantityForm-submit\" tabindex=\"-1\"><!--[if IE]><input type=IEbug disabled style=\"display:none\"><![endif]-->\n</form>\n\n        </div>\n</div>\n\n        </div>\n\n        \n    </div><div class=\"product-item slick-slide slick-cloned\" style=\"width: 253px;\" data-slick-index=\"-1\" aria-hidden=\"true\" tabindex=\"-1\">\n        <div class=\"product-item-flags\">\n        </div>\n        <div class=\"product-item-image\">\n                <a data-href=\"/?productWidget-widgetCarousel-1-id=11356&amp;do=productWidget-widgetCarousel-1-modal\" data-target=\"productWidget-widgetCarousel-1-productModal\" onclick=\"kosikAjax.click(this)\" tabindex=\"-1\">\n                    <img src=\"https://cdn.kosik.cz/content/product/jpg/list-retina/empty.jpg\" data-src=\"https://cdn.kosik.cz/content/product/jpg/list-retina/28909.jpg\" alt=\"Kitekat Drůbeží menu v želé kompletní krmivo pro dospělé kočky 4 x 100g\" class=\"loading-images loading-image\">\n                </a>\n\n\n\n\n        </div>\n                <div class=\"product-item-info\">\n                <a data-href=\"/?productWidget-widgetCarousel-1-id=11356&amp;do=productWidget-widgetCarousel-1-modal\" class=\"product-name modal-link\" data-target=\"productWidget-widgetCarousel-1-productModal\" onclick=\"kosikAjax.click(this)\" tabindex=\"-1\">\n                    Kitekat Drůbeží menu v želé kompletní krmivo pro dospělé kočky 4 x 100g\n                </a>\n            <p class=\"product-item-price \">\n                <span class=\"price-before-discount\">\n\t\t\t\t</span>\n<strong class=\"price\">42,90 Kč</strong>\n\n            </p>\n            <p class=\"product-item-unit\">\n                    (<strong class=\"price\">107,30 Kč</strong> / kg)\n            </p>\n                        <div class=\"product-list-rating\">\n            </div>\n<div id=\"\">        <div class=\"product-quantity-control\">\n            <form action=\"/\" method=\"post\" class=\"ajax\" id=\"\">\n                <input type=\"text\" name=\"quantity\" size=\"3\" id=\"\" data-nette-rules=\"[{&quot;op&quot;:&quot;:integer&quot;,&quot;msg&quot;:&quot;Množství musí být číslo.&quot;}]\" value=\"1\" tabindex=\"-1\">\n                <input type=\"submit\" name=\"_submit\" value=\"Přidat\" class=\"product-quantity-control-submit plus\" tabindex=\"-1\">\n            <input type=\"hidden\" name=\"do\" value=\"productWidget-widgetCarousel-1-buy-11356-quantityForm-submit\" tabindex=\"-1\"><!--[if IE]><input type=IEbug disabled style=\"display:none\"><![endif]-->\n</form>\n\n        </div>\n</div>\n\n        </div>\n\n        \n    </div><div id=\"product-append-29131\" class=\"product-item slick-slide slick-current slick-active\" style=\"width: 253px;\" data-slick-index=\"0\" aria-hidden=\"false\" tabindex=\"-1\" role=\"option\" aria-describedby=\"slick-slide10\">\n        <div class=\"product-item-flags\">\n        </div>\n        <div class=\"product-item-image\">\n                <a data-href=\"/?productWidget-widgetCarousel-1-id=29131&amp;do=productWidget-widgetCarousel-1-modal\" data-target=\"productWidget-widgetCarousel-1-productModal\" onclick=\"kosikAjax.click(this)\" tabindex=\"0\">\n                    <img src=\"https://cdn.kosik.cz/content/product/jpg/list-retina/empty.jpg\" data-src=\"https://cdn.kosik.cz/content/product/jpg/list-retina/46506.jpg\" alt=\"Náš Grunt Bio selský jogurt borůvka 200g\" class=\"loading-images loading-image\">\n                </a>\n\n\n\n\n        </div>\n                <div class=\"product-item-info\">\n                <a data-href=\"/?productWidget-widgetCarousel-1-id=29131&amp;do=productWidget-widgetCarousel-1-modal\" class=\"product-name modal-link\" data-target=\"productWidget-widgetCarousel-1-productModal\" onclick=\"kosikAjax.click(this)\" tabindex=\"0\">\n                    Náš Grunt Bio selský jogurt borůvka 200g\n                </a>\n            <p class=\"product-item-price \">\n                <span class=\"price-before-discount\">\n\t\t\t\t</span>\n<strong class=\"price\">26,90 Kč</strong>\n\n            </p>\n            <p class=\"product-item-unit\">\n                    (<strong class=\"price\">134,50 Kč</strong> / kg)\n            </p>\n                        <div class=\"product-list-rating\">\n            </div>\n<div id=\"snippet-productWidget-widgetCarousel-1-buy-29131-quantity\">        <div class=\"product-quantity-control\">\n            <form action=\"/\" method=\"post\" class=\"ajax\" id=\"frm-productWidget-widgetCarousel-1-buy-29131-quantityForm\">\n                <input type=\"text\" name=\"quantity\" size=\"3\" id=\"frm-productWidget-widgetCarousel-1-buy-29131-quantityForm-quantity\" data-nette-rules=\"[{&quot;op&quot;:&quot;:integer&quot;,&quot;msg&quot;:&quot;Množství musí být číslo.&quot;}]\" value=\"1\" tabindex=\"0\">\n                <input type=\"submit\" name=\"_submit\" value=\"Přidat\" class=\"product-quantity-control-submit plus\" tabindex=\"0\">\n            <input type=\"hidden\" name=\"do\" value=\"productWidget-widgetCarousel-1-buy-29131-quantityForm-submit\" tabindex=\"0\"><!--[if IE]><input type=IEbug disabled style=\"display:none\"><![endif]-->\n</form>\n\n        </div>\n</div>\n\n        </div>\n\n        \n    </div><div id=\"product-append-29207\" class=\"product-item slick-slide slick-active\" style=\"width: 253px;\" data-slick-index=\"1\" aria-hidden=\"false\" tabindex=\"-1\" role=\"option\" aria-describedby=\"slick-slide11\">\n        <div class=\"product-item-flags\">\n        </div>\n        <div class=\"product-item-image\">\n                <a data-href=\"/?productWidget-widgetCarousel-1-id=29207&amp;do=productWidget-widgetCarousel-1-modal\" data-target=\"productWidget-widgetCarousel-1-productModal\" onclick=\"kosikAjax.click(this)\" tabindex=\"0\">\n                    <img src=\"https://cdn.kosik.cz/content/product/jpg/list-retina/empty.jpg\" data-src=\"https://cdn.kosik.cz/content/product/jpg/list-retina/46581.jpg\" alt=\"Lucozade Energy Caribbean Crush 380ml\" class=\"loading-images loading-image\">\n                </a>\n\n\n\n\n        </div>\n                <div class=\"product-item-info\">\n                <a data-href=\"/?productWidget-widgetCarousel-1-id=29207&amp;do=productWidget-widgetCarousel-1-modal\" class=\"product-name modal-link\" data-target=\"productWidget-widgetCarousel-1-productModal\" onclick=\"kosikAjax.click(this)\" tabindex=\"0\">\n                    Lucozade Energy Caribbean Crush 380ml\n                </a>\n            <p class=\"product-item-price \">\n                <span class=\"price-before-discount\">\n\t\t\t\t</span>\n<strong class=\"price\">34,90 Kč</strong>\n\n            </p>\n            <p class=\"product-item-unit\">\n                    (<strong class=\"price\">91,80 Kč</strong> / l)\n            </p>\n                        <div class=\"product-list-rating\">\n            </div>\n<div id=\"snippet-productWidget-widgetCarousel-1-buy-29207-quantity\">        <div class=\"product-quantity-control\">\n            <form action=\"/\" method=\"post\" class=\"ajax\" id=\"frm-productWidget-widgetCarousel-1-buy-29207-quantityForm\">\n                <input type=\"text\" name=\"quantity\" size=\"3\" id=\"frm-productWidget-widgetCarousel-1-buy-29207-quantityForm-quantity\" data-nette-rules=\"[{&quot;op&quot;:&quot;:integer&quot;,&quot;msg&quot;:&quot;Množství musí být číslo.&quot;}]\" value=\"1\" tabindex=\"0\">\n                <input type=\"submit\" name=\"_submit\" value=\"Přidat\" class=\"product-quantity-control-submit plus\" tabindex=\"0\">\n            <input type=\"hidden\" name=\"do\" value=\"productWidget-widgetCarousel-1-buy-29207-quantityForm-submit\" tabindex=\"0\"><!--[if IE]><input type=IEbug disabled style=\"display:none\"><![endif]-->\n</form>\n\n        </div>\n</div>\n\n        </div>\n\n        \n    </div><div id=\"product-append-27528\" class=\"product-item slick-slide slick-active\" style=\"width: 253px;\" data-slick-index=\"2\" aria-hidden=\"false\" tabindex=\"-1\" role=\"option\" aria-describedby=\"slick-slide12\">\n        <div class=\"product-item-flags\">\n        </div>\n        <div class=\"product-item-image\">\n                <a data-href=\"/?productWidget-widgetCarousel-1-id=27528&amp;do=productWidget-widgetCarousel-1-modal\" data-target=\"productWidget-widgetCarousel-1-productModal\" onclick=\"kosikAjax.click(this)\" tabindex=\"0\">\n                    <img src=\"https://cdn.kosik.cz/content/product/jpg/list-retina/empty.jpg\" data-src=\"https://cdn.kosik.cz/content/product/jpg/list-retina/44812.jpg\" alt=\"Vinařství Ostrovec Tramín červený pozdní sběr bílé polosuché víno 0,75l\" class=\"loading-images loading-image\">\n                </a>\n\n\n\n\n        </div>\n                <div class=\"product-item-info\">\n                <a data-href=\"/?productWidget-widgetCarousel-1-id=27528&amp;do=productWidget-widgetCarousel-1-modal\" class=\"product-name modal-link\" data-target=\"productWidget-widgetCarousel-1-productModal\" onclick=\"kosikAjax.click(this)\" tabindex=\"0\">\n                    Vinařství Ostrovec Tramín červený pozdní sběr bílé polosuché víno 0,75l\n                </a>\n            <p class=\"product-item-price \">\n                <span class=\"price-before-discount\">\n\t\t\t\t</span>\n<strong class=\"price\">209,90 Kč</strong>\n\n            </p>\n            <p class=\"product-item-unit\">\n                    (<strong class=\"price\">279,90 Kč</strong> / l)\n            </p>\n                        <div class=\"product-list-rating\">\n            </div>\n<div id=\"snippet-productWidget-widgetCarousel-1-buy-27528-quantity\">        <div class=\"product-quantity-control\">\n            <form action=\"/\" method=\"post\" class=\"ajax\" id=\"frm-productWidget-widgetCarousel-1-buy-27528-quantityForm\">\n                <input type=\"text\" name=\"quantity\" size=\"3\" id=\"frm-productWidget-widgetCarousel-1-buy-27528-quantityForm-quantity\" data-nette-rules=\"[{&quot;op&quot;:&quot;:integer&quot;,&quot;msg&quot;:&quot;Množství musí být číslo.&quot;}]\" value=\"1\" tabindex=\"0\">\n                <input type=\"submit\" name=\"_submit\" value=\"Přidat\" class=\"product-quantity-control-submit plus\" tabindex=\"0\">\n            <input type=\"hidden\" name=\"do\" value=\"productWidget-widgetCarousel-1-buy-27528-quantityForm-submit\" tabindex=\"0\"><!--[if IE]><input type=IEbug disabled style=\"display:none\"><![endif]-->\n</form>\n\n        </div>\n</div>\n\n        </div>\n\n        \n    </div><div id=\"product-append-29294\" class=\"product-item slick-slide\" style=\"width: 253px;\" data-slick-index=\"3\" aria-hidden=\"true\" tabindex=\"-1\" role=\"option\" aria-describedby=\"slick-slide13\">\n        <div class=\"product-item-flags\">\n        </div>\n        <div class=\"product-item-image\">\n                <a data-href=\"/?productWidget-widgetCarousel-1-id=29294&amp;do=productWidget-widgetCarousel-1-modal\" data-target=\"productWidget-widgetCarousel-1-productModal\" onclick=\"kosikAjax.click(this)\" tabindex=\"-1\">\n                    <img src=\"https://cdn.kosik.cz/content/product/jpg/list-retina/empty.jpg\" data-src=\"https://cdn.kosik.cz/content/product/jpg/list-retina/46668.jpg\" alt=\"Alpro Mandlový nápoj nepražený, neslazený 1l\" class=\"loading-images loading-image\">\n                </a>\n\n\n\n\n        </div>\n                <div class=\"product-item-info\">\n                <a data-href=\"/?productWidget-widgetCarousel-1-id=29294&amp;do=productWidget-widgetCarousel-1-modal\" class=\"product-name modal-link\" data-target=\"productWidget-widgetCarousel-1-productModal\" onclick=\"kosikAjax.click(this)\" tabindex=\"-1\">\n                    Alpro Mandlový nápoj nepražený, neslazený 1l\n                </a>\n            <p class=\"product-item-price \">\n                <span class=\"price-before-discount\">\n\t\t\t\t</span>\n<strong class=\"price\">79,90 Kč</strong>\n\n            </p>\n            <p class=\"product-item-unit\">\n                    (<strong class=\"price\">79,90 Kč</strong> / l)\n            </p>\n                        <div class=\"product-list-rating\">\n            </div>\n<div id=\"snippet-productWidget-widgetCarousel-1-buy-29294-quantity\">        <div class=\"product-quantity-control\">\n            <form action=\"/\" method=\"post\" class=\"ajax\" id=\"frm-productWidget-widgetCarousel-1-buy-29294-quantityForm\">\n                <input type=\"text\" name=\"quantity\" size=\"3\" id=\"frm-productWidget-widgetCarousel-1-buy-29294-quantityForm-quantity\" data-nette-rules=\"[{&quot;op&quot;:&quot;:integer&quot;,&quot;msg&quot;:&quot;Množství musí být číslo.&quot;}]\" value=\"1\" tabindex=\"-1\">\n                <input type=\"submit\" name=\"_submit\" value=\"Přidat\" class=\"product-quantity-control-submit plus\" tabindex=\"-1\">\n            <input type=\"hidden\" name=\"do\" value=\"productWidget-widgetCarousel-1-buy-29294-quantityForm-submit\" tabindex=\"-1\"><!--[if IE]><input type=IEbug disabled style=\"display:none\"><![endif]-->\n</form>\n\n        </div>\n</div>\n\n        </div>\n\n        \n    </div><div id=\"product-append-29882\" class=\"product-item slick-slide\" style=\"width: 253px;\" data-slick-index=\"4\" aria-hidden=\"true\" tabindex=\"-1\" role=\"option\" aria-describedby=\"slick-slide14\">\n        <div class=\"product-item-flags\">\n        </div>\n        <div class=\"product-item-image\">\n                <a data-href=\"/?productWidget-widgetCarousel-1-id=29882&amp;do=productWidget-widgetCarousel-1-modal\" data-target=\"productWidget-widgetCarousel-1-productModal\" onclick=\"kosikAjax.click(this)\" tabindex=\"-1\">\n                    <img src=\"https://cdn.kosik.cz/content/product/jpg/list-retina/empty.jpg\" data-src=\"https://cdn.kosik.cz/content/product/jpg/list-retina/47272.jpg\" alt=\"Bio hovězí mleté maso (cca 500g)\" class=\"loading-images loading-image\">\n                </a>\n\n\n\n\n        </div>\n                <div class=\"product-item-info\">\n                <a data-href=\"/?productWidget-widgetCarousel-1-id=29882&amp;do=productWidget-widgetCarousel-1-modal\" class=\"product-name modal-link\" data-target=\"productWidget-widgetCarousel-1-productModal\" onclick=\"kosikAjax.click(this)\" tabindex=\"-1\">\n                    Bio hovězí mleté maso (cca 500g)<br><span class=\"new-product\">Novinka</span>\n                </a>\n            <p class=\"product-item-price \">\n                <span class=\"price-before-discount\">\n\t\t\t\t</span>\n                <small class=\"circa-prefix\">cca </small><strong class=\"price\">149,50 Kč</strong>\n\n            </p>\n            <p class=\"product-item-unit\">\n                    (<strong class=\"price\">299,00 Kč</strong> / kg)\n            </p>\n                        <div class=\"product-list-rating\">\n            </div>\n<div id=\"snippet-productWidget-widgetCarousel-1-buy-29882-quantity\">        <div class=\"product-quantity-control\">\n            <form action=\"/\" method=\"post\" class=\"ajax\" id=\"frm-productWidget-widgetCarousel-1-buy-29882-quantityForm\">\n                <input type=\"text\" name=\"quantity\" size=\"3\" id=\"frm-productWidget-widgetCarousel-1-buy-29882-quantityForm-quantity\" data-nette-rules=\"[{&quot;op&quot;:&quot;:integer&quot;,&quot;msg&quot;:&quot;Množství musí být číslo.&quot;}]\" value=\"1\" tabindex=\"-1\">\n                <input type=\"submit\" name=\"_submit\" value=\"Přidat\" class=\"product-quantity-control-submit plus\" tabindex=\"-1\">\n            <input type=\"hidden\" name=\"do\" value=\"productWidget-widgetCarousel-1-buy-29882-quantityForm-submit\" tabindex=\"-1\"><!--[if IE]><input type=IEbug disabled style=\"display:none\"><![endif]-->\n</form>\n\n        </div>\n</div>\n\n        </div>\n\n        \n    </div><div id=\"product-append-15822\" class=\"product-item slick-slide\" style=\"width: 253px;\" data-slick-index=\"5\" aria-hidden=\"true\" tabindex=\"-1\" role=\"option\" aria-describedby=\"slick-slide15\">\n        <div class=\"product-item-flags\">\n        </div>\n        <div class=\"product-item-image\">\n                <a data-href=\"/?productWidget-widgetCarousel-1-id=15822&amp;do=productWidget-widgetCarousel-1-modal\" data-target=\"productWidget-widgetCarousel-1-productModal\" onclick=\"kosikAjax.click(this)\" tabindex=\"-1\">\n                    <img src=\"https://cdn.kosik.cz/content/product/jpg/list-retina/empty.jpg\" data-src=\"https://cdn.kosik.cz/content/product/jpg/list-retina/33090.jpg\" alt=\"Farma Pěnčín Bio Kozí sýr tavený přírodní 100g\" class=\"loading-images loading-image\">\n                </a>\n\n\n\n\n        </div>\n                <div class=\"product-item-info\">\n                <a data-href=\"/?productWidget-widgetCarousel-1-id=15822&amp;do=productWidget-widgetCarousel-1-modal\" class=\"product-name modal-link\" data-target=\"productWidget-widgetCarousel-1-productModal\" onclick=\"kosikAjax.click(this)\" tabindex=\"-1\">\n                    Farma Pěnčín Bio Kozí sýr tavený přírodní 100g\n                </a>\n            <p class=\"product-item-price \">\n                <span class=\"price-before-discount\">\n\t\t\t\t</span>\n<strong class=\"price\">35,00 Kč</strong>\n\n            </p>\n            <p class=\"product-item-unit\">\n                    (<strong class=\"price\">350,00 Kč</strong> / kg)\n            </p>\n                        <div class=\"product-list-rating\">\n            </div>\n<div id=\"snippet-productWidget-widgetCarousel-1-buy-15822-quantity\">        <div class=\"product-quantity-control\">\n            <form action=\"/\" method=\"post\" class=\"ajax\" id=\"frm-productWidget-widgetCarousel-1-buy-15822-quantityForm\">\n                <input type=\"text\" name=\"quantity\" size=\"3\" id=\"frm-productWidget-widgetCarousel-1-buy-15822-quantityForm-quantity\" data-nette-rules=\"[{&quot;op&quot;:&quot;:integer&quot;,&quot;msg&quot;:&quot;Množství musí být číslo.&quot;}]\" value=\"1\" tabindex=\"-1\">\n                <input type=\"submit\" name=\"_submit\" value=\"Přidat\" class=\"product-quantity-control-submit plus\" tabindex=\"-1\">\n            <input type=\"hidden\" name=\"do\" value=\"productWidget-widgetCarousel-1-buy-15822-quantityForm-submit\" tabindex=\"-1\"><!--[if IE]><input type=IEbug disabled style=\"display:none\"><![endif]-->\n</form>\n\n        </div>\n</div>\n\n        </div>\n\n        \n    </div><div id=\"product-append-15632\" class=\"product-item slick-slide\" style=\"width: 253px;\" data-slick-index=\"6\" aria-hidden=\"true\" tabindex=\"-1\" role=\"option\" aria-describedby=\"slick-slide16\">\n        <div class=\"product-item-flags\">\n        </div>\n        <div class=\"product-item-image\">\n                <a data-href=\"/?productWidget-widgetCarousel-1-id=15632&amp;do=productWidget-widgetCarousel-1-modal\" data-target=\"productWidget-widgetCarousel-1-productModal\" onclick=\"kosikAjax.click(this)\" tabindex=\"-1\">\n                    <img src=\"https://cdn.kosik.cz/content/product/jpg/list-retina/empty.jpg\" data-src=\"https://cdn.kosik.cz/content/product/jpg/list-retina/32900.jpg\" alt=\"Biopekárna Zemanka Krtkovy malinové bio sušenky 100g\" class=\"loading-images loading-image\">\n                </a>\n\n\n\n\n        </div>\n                <div class=\"product-item-info\">\n                <a data-href=\"/?productWidget-widgetCarousel-1-id=15632&amp;do=productWidget-widgetCarousel-1-modal\" class=\"product-name modal-link\" data-target=\"productWidget-widgetCarousel-1-productModal\" onclick=\"kosikAjax.click(this)\" tabindex=\"-1\">\n                    Biopekárna Zemanka Krtkovy malinové bio sušenky 100g\n                </a>\n            <p class=\"product-item-price \">\n                <span class=\"price-before-discount\">\n\t\t\t\t</span>\n<strong class=\"price\">54,00 Kč</strong>\n\n            </p>\n            <p class=\"product-item-unit\">\n                    (<strong class=\"price\">540,00 Kč</strong> / kg)\n            </p>\n                        <div class=\"product-list-rating\">\n            </div>\n<div id=\"snippet-productWidget-widgetCarousel-1-buy-15632-quantity\">        <div class=\"product-quantity-control\">\n            <form action=\"/\" method=\"post\" class=\"ajax\" id=\"frm-productWidget-widgetCarousel-1-buy-15632-quantityForm\">\n                <input type=\"text\" name=\"quantity\" size=\"3\" id=\"frm-productWidget-widgetCarousel-1-buy-15632-quantityForm-quantity\" data-nette-rules=\"[{&quot;op&quot;:&quot;:integer&quot;,&quot;msg&quot;:&quot;Množství musí být číslo.&quot;}]\" value=\"1\" tabindex=\"-1\">\n                <input type=\"submit\" name=\"_submit\" value=\"Přidat\" class=\"product-quantity-control-submit plus\" tabindex=\"-1\">\n            <input type=\"hidden\" name=\"do\" value=\"productWidget-widgetCarousel-1-buy-15632-quantityForm-submit\" tabindex=\"-1\"><!--[if IE]><input type=IEbug disabled style=\"display:none\"><![endif]-->\n</form>\n\n        </div>\n</div>\n\n        </div>\n\n        \n    </div><div id=\"product-append-29730\" class=\"product-item slick-slide\" style=\"width: 253px;\" data-slick-index=\"7\" aria-hidden=\"true\" tabindex=\"-1\" role=\"option\" aria-describedby=\"slick-slide17\">\n        <div class=\"product-item-flags\">\n        </div>\n        <div class=\"product-item-image\">\n                <a data-href=\"/?productWidget-widgetCarousel-1-id=29730&amp;do=productWidget-widgetCarousel-1-modal\" data-target=\"productWidget-widgetCarousel-1-productModal\" onclick=\"kosikAjax.click(this)\" tabindex=\"-1\">\n                    <img src=\"https://cdn.kosik.cz/content/product/jpg/list-retina/empty.jpg\" data-src=\"https://cdn.kosik.cz/content/product/jpg/list-retina/47112.jpg\" alt=\"Danone Activia Fusion Borůvka/Acai 4x125g\" class=\"loading-images loading-image\">\n                </a>\n\n\n\n\n        </div>\n                <div class=\"product-item-info\">\n                <a data-href=\"/?productWidget-widgetCarousel-1-id=29730&amp;do=productWidget-widgetCarousel-1-modal\" class=\"product-name modal-link\" data-target=\"productWidget-widgetCarousel-1-productModal\" onclick=\"kosikAjax.click(this)\" tabindex=\"-1\">\n                    Danone Activia Fusion Borůvka/Acai 4x125g\n                </a>\n            <p class=\"product-item-price \">\n                <span class=\"price-before-discount\">\n\t\t\t\t</span>\n<strong class=\"price\">54,90 Kč</strong>\n\n            </p>\n            <p class=\"product-item-unit\">\n                    (<strong class=\"price\">109,80 Kč</strong> / kg)\n            </p>\n                        <div class=\"product-list-rating\">\n            </div>\n<div id=\"snippet-productWidget-widgetCarousel-1-buy-29730-quantity\">        <div class=\"product-quantity-control\">\n            <form action=\"/\" method=\"post\" class=\"ajax\" id=\"frm-productWidget-widgetCarousel-1-buy-29730-quantityForm\">\n                <input type=\"text\" name=\"quantity\" size=\"3\" id=\"frm-productWidget-widgetCarousel-1-buy-29730-quantityForm-quantity\" data-nette-rules=\"[{&quot;op&quot;:&quot;:integer&quot;,&quot;msg&quot;:&quot;Množství musí být číslo.&quot;}]\" value=\"1\" tabindex=\"-1\">\n                <input type=\"submit\" name=\"_submit\" value=\"Přidat\" class=\"product-quantity-control-submit plus\" tabindex=\"-1\">\n            <input type=\"hidden\" name=\"do\" value=\"productWidget-widgetCarousel-1-buy-29730-quantityForm-submit\" tabindex=\"-1\"><!--[if IE]><input type=IEbug disabled style=\"display:none\"><![endif]-->\n</form>\n\n        </div>\n</div>\n\n        </div>\n\n        \n    </div><div id=\"product-append-29264\" class=\"product-item slick-slide\" style=\"width: 253px;\" data-slick-index=\"8\" aria-hidden=\"true\" tabindex=\"-1\" role=\"option\" aria-describedby=\"slick-slide18\">\n        <div class=\"product-item-flags\">\n        </div>\n        <div class=\"product-item-image\">\n                <a data-href=\"/?productWidget-widgetCarousel-1-id=29264&amp;do=productWidget-widgetCarousel-1-modal\" data-target=\"productWidget-widgetCarousel-1-productModal\" onclick=\"kosikAjax.click(this)\" tabindex=\"-1\">\n                    <img src=\"https://cdn.kosik.cz/content/product/jpg/list-retina/empty.jpg\" data-src=\"https://cdn.kosik.cz/content/product/jpg/list-retina/46638.jpg\" alt=\"Gastro Křenové rolky 290g\" class=\"loading-images loading-image\">\n                </a>\n\n\n\n\n        </div>\n                <div class=\"product-item-info\">\n                <a data-href=\"/?productWidget-widgetCarousel-1-id=29264&amp;do=productWidget-widgetCarousel-1-modal\" class=\"product-name modal-link\" data-target=\"productWidget-widgetCarousel-1-productModal\" onclick=\"kosikAjax.click(this)\" tabindex=\"-1\">\n                    Gastro Křenové rolky 290g\n                </a>\n            <p class=\"product-item-price \">\n                <span class=\"price-before-discount\">\n\t\t\t\t</span>\n<strong class=\"price\">39,90 Kč</strong>\n\n            </p>\n            <p class=\"product-item-unit\">\n                    (<strong class=\"price\">137,60 Kč</strong> / kg)\n            </p>\n                        <div class=\"product-list-rating\">\n            </div>\n<div id=\"snippet-productWidget-widgetCarousel-1-buy-29264-quantity\">        <div class=\"product-quantity-control\">\n            <form action=\"/\" method=\"post\" class=\"ajax\" id=\"frm-productWidget-widgetCarousel-1-buy-29264-quantityForm\">\n                <input type=\"text\" name=\"quantity\" size=\"3\" id=\"frm-productWidget-widgetCarousel-1-buy-29264-quantityForm-quantity\" data-nette-rules=\"[{&quot;op&quot;:&quot;:integer&quot;,&quot;msg&quot;:&quot;Množství musí být číslo.&quot;}]\" value=\"1\" tabindex=\"-1\">\n                <input type=\"submit\" name=\"_submit\" value=\"Přidat\" class=\"product-quantity-control-submit plus\" tabindex=\"-1\">\n            <input type=\"hidden\" name=\"do\" value=\"productWidget-widgetCarousel-1-buy-29264-quantityForm-submit\" tabindex=\"-1\"><!--[if IE]><input type=IEbug disabled style=\"display:none\"><![endif]-->\n</form>\n\n        </div>\n</div>\n\n        </div>\n\n        \n    </div><div id=\"product-append-29262\" class=\"product-item slick-slide\" style=\"width: 253px;\" data-slick-index=\"9\" aria-hidden=\"true\" tabindex=\"-1\" role=\"option\" aria-describedby=\"slick-slide19\">\n        <div class=\"product-item-flags\">\n        </div>\n        <div class=\"product-item-image\">\n                <a data-href=\"/?productWidget-widgetCarousel-1-id=29262&amp;do=productWidget-widgetCarousel-1-modal\" data-target=\"productWidget-widgetCarousel-1-productModal\" onclick=\"kosikAjax.click(this)\" tabindex=\"-1\">\n                    <img src=\"https://cdn.kosik.cz/content/product/jpg/list-retina/empty.jpg\" data-src=\"https://cdn.kosik.cz/content/product/jpg/list-retina/46636.jpg\" alt=\"Rybex Sleďové filety v hořčičné omáčce 150g\" class=\"loading-images loading-image\">\n                </a>\n\n\n\n\n        </div>\n                <div class=\"product-item-info\">\n                <a data-href=\"/?productWidget-widgetCarousel-1-id=29262&amp;do=productWidget-widgetCarousel-1-modal\" class=\"product-name modal-link\" data-target=\"productWidget-widgetCarousel-1-productModal\" onclick=\"kosikAjax.click(this)\" tabindex=\"-1\">\n                    Rybex Sleďové filety v hořčičné omáčce 150g\n                </a>\n            <p class=\"product-item-price \">\n                <span class=\"price-before-discount\">\n\t\t\t\t</span>\n<strong class=\"price\">29,90 Kč</strong>\n\n            </p>\n            <p class=\"product-item-unit\">\n                    (<strong class=\"price\">199,30 Kč</strong> / kg)\n            </p>\n                        <div class=\"product-list-rating\">\n            </div>\n<div id=\"snippet-productWidget-widgetCarousel-1-buy-29262-quantity\">        <div class=\"product-quantity-control\">\n            <form action=\"/\" method=\"post\" class=\"ajax\" id=\"frm-productWidget-widgetCarousel-1-buy-29262-quantityForm\">\n                <input type=\"text\" name=\"quantity\" size=\"3\" id=\"frm-productWidget-widgetCarousel-1-buy-29262-quantityForm-quantity\" data-nette-rules=\"[{&quot;op&quot;:&quot;:integer&quot;,&quot;msg&quot;:&quot;Množství musí být číslo.&quot;}]\" value=\"1\" tabindex=\"-1\">\n                <input type=\"submit\" name=\"_submit\" value=\"Přidat\" class=\"product-quantity-control-submit plus\" tabindex=\"-1\">\n            <input type=\"hidden\" name=\"do\" value=\"productWidget-widgetCarousel-1-buy-29262-quantityForm-submit\" tabindex=\"-1\"><!--[if IE]><input type=IEbug disabled style=\"display:none\"><![endif]-->\n</form>\n\n        </div>\n</div>\n\n        </div>\n\n        \n    </div><div id=\"product-append-30324\" class=\"product-item slick-slide\" style=\"width: 253px;\" data-slick-index=\"10\" aria-hidden=\"true\" tabindex=\"-1\" role=\"option\" aria-describedby=\"slick-slide110\">\n        <div class=\"product-item-flags\">\n        </div>\n        <div class=\"product-item-image\">\n                <a data-href=\"/?productWidget-widgetCarousel-1-id=30324&amp;do=productWidget-widgetCarousel-1-modal\" data-target=\"productWidget-widgetCarousel-1-productModal\" onclick=\"kosikAjax.click(this)\" tabindex=\"-1\">\n                    <img src=\"https://cdn.kosik.cz/content/product/jpg/list-retina/empty.jpg\" data-src=\"https://cdn.kosik.cz/content/product/jpg/list-retina/47720.jpg\" alt=\"Agricol Eidam 45% bloček 200g\" class=\"loading-images loading-image\">\n                </a>\n\n\n\n\n        </div>\n                <div class=\"product-item-info\">\n                <a data-href=\"/?productWidget-widgetCarousel-1-id=30324&amp;do=productWidget-widgetCarousel-1-modal\" class=\"product-name modal-link\" data-target=\"productWidget-widgetCarousel-1-productModal\" onclick=\"kosikAjax.click(this)\" tabindex=\"-1\">\n                    Agricol Eidam 45% bloček 200g<br><span class=\"new-product\">Novinka</span>\n                </a>\n            <p class=\"product-item-price \">\n                <span class=\"price-before-discount\">\n\t\t\t\t</span>\n<strong class=\"price\">39,90 Kč</strong>\n\n            </p>\n            <p class=\"product-item-unit\">\n                    (<strong class=\"price\">199,50 Kč</strong> / kg)\n            </p>\n                        <div class=\"product-list-rating\">\n            </div>\n<div id=\"snippet-productWidget-widgetCarousel-1-buy-30324-quantity\">        <div class=\"product-quantity-control\">\n            <form action=\"/\" method=\"post\" class=\"ajax\" id=\"frm-productWidget-widgetCarousel-1-buy-30324-quantityForm\">\n                <input type=\"text\" name=\"quantity\" size=\"3\" id=\"frm-productWidget-widgetCarousel-1-buy-30324-quantityForm-quantity\" data-nette-rules=\"[{&quot;op&quot;:&quot;:integer&quot;,&quot;msg&quot;:&quot;Množství musí být číslo.&quot;}]\" value=\"1\" tabindex=\"-1\">\n                <input type=\"submit\" name=\"_submit\" value=\"Přidat\" class=\"product-quantity-control-submit plus\" tabindex=\"-1\">\n            <input type=\"hidden\" name=\"do\" value=\"productWidget-widgetCarousel-1-buy-30324-quantityForm-submit\" tabindex=\"-1\"><!--[if IE]><input type=IEbug disabled style=\"display:none\"><![endif]-->\n</form>\n\n        </div>\n</div>\n\n        </div>\n\n        \n    </div><div id=\"product-append-29813\" class=\"product-item slick-slide\" style=\"width: 253px;\" data-slick-index=\"11\" aria-hidden=\"true\" tabindex=\"-1\" role=\"option\" aria-describedby=\"slick-slide111\">\n        <div class=\"product-item-flags\">\n        </div>\n        <div class=\"product-item-image\">\n                <a data-href=\"/?productWidget-widgetCarousel-1-id=29813&amp;do=productWidget-widgetCarousel-1-modal\" data-target=\"productWidget-widgetCarousel-1-productModal\" onclick=\"kosikAjax.click(this)\" tabindex=\"-1\">\n                    <img src=\"https://cdn.kosik.cz/content/product/jpg/list-retina/empty.jpg\" data-src=\"https://cdn.kosik.cz/content/product/jpg/list-retina/47202.jpg\" alt=\"Šmakoun Karbanátky (cca 300g)\" class=\"loading-images loading-image\">\n                </a>\n\n\n\n\n        </div>\n                <div class=\"product-item-info\">\n                <a data-href=\"/?productWidget-widgetCarousel-1-id=29813&amp;do=productWidget-widgetCarousel-1-modal\" class=\"product-name modal-link\" data-target=\"productWidget-widgetCarousel-1-productModal\" onclick=\"kosikAjax.click(this)\" tabindex=\"-1\">\n                    Šmakoun Karbanátky (cca 300g)<br><span class=\"new-product\">Novinka</span>\n                </a>\n            <p class=\"product-item-price \">\n                <span class=\"price-before-discount\">\n\t\t\t\t</span>\n                <small class=\"circa-prefix\">cca </small><strong class=\"price\">65,10 Kč</strong>\n\n            </p>\n            <p class=\"product-item-unit\">\n                    (<strong class=\"price\">216,90 Kč</strong> / kg)\n            </p>\n                        <div class=\"product-list-rating\">\n            </div>\n<div id=\"snippet-productWidget-widgetCarousel-1-buy-29813-quantity\">        <div class=\"product-quantity-control\">\n            <form action=\"/\" method=\"post\" class=\"ajax\" id=\"frm-productWidget-widgetCarousel-1-buy-29813-quantityForm\">\n                <input type=\"text\" name=\"quantity\" size=\"3\" id=\"frm-productWidget-widgetCarousel-1-buy-29813-quantityForm-quantity\" data-nette-rules=\"[{&quot;op&quot;:&quot;:integer&quot;,&quot;msg&quot;:&quot;Množství musí být číslo.&quot;}]\" value=\"1\" tabindex=\"-1\">\n                <input type=\"submit\" name=\"_submit\" value=\"Přidat\" class=\"product-quantity-control-submit plus\" tabindex=\"-1\">\n            <input type=\"hidden\" name=\"do\" value=\"productWidget-widgetCarousel-1-buy-29813-quantityForm-submit\" tabindex=\"-1\"><!--[if IE]><input type=IEbug disabled style=\"display:none\"><![endif]-->\n</form>\n\n        </div>\n</div>\n\n        </div>\n\n        \n    </div><div id=\"product-append-29155\" class=\"product-item slick-slide\" style=\"width: 253px;\" data-slick-index=\"12\" aria-hidden=\"true\" tabindex=\"-1\" role=\"option\" aria-describedby=\"slick-slide112\">\n        <div class=\"product-item-flags\">\n        </div>\n        <div class=\"product-item-image\">\n                <a data-href=\"/?productWidget-widgetCarousel-1-id=29155&amp;do=productWidget-widgetCarousel-1-modal\" data-target=\"productWidget-widgetCarousel-1-productModal\" onclick=\"kosikAjax.click(this)\" tabindex=\"-1\">\n                    <img src=\"https://cdn.kosik.cz/content/product/jpg/list-retina/empty.jpg\" data-src=\"https://cdn.kosik.cz/content/product/jpg/list-retina/46530.jpg\" alt=\"Olma Revital jogurt bílý s chia semínky 140g\" class=\"loading-images loading-image\">\n                </a>\n\n\n\n\n        </div>\n                <div class=\"product-item-info\">\n                <a data-href=\"/?productWidget-widgetCarousel-1-id=29155&amp;do=productWidget-widgetCarousel-1-modal\" class=\"product-name modal-link\" data-target=\"productWidget-widgetCarousel-1-productModal\" onclick=\"kosikAjax.click(this)\" tabindex=\"-1\">\n                    Olma Revital jogurt bílý s chia semínky 140g\n                </a>\n            <p class=\"product-item-price \">\n                <span class=\"price-before-discount\">\n\t\t\t\t</span>\n<strong class=\"price\">12,90 Kč</strong>\n\n            </p>\n            <p class=\"product-item-unit\">\n                    (<strong class=\"price\">92,10 Kč</strong> / kg)\n            </p>\n                        <div class=\"product-list-rating\">\n            </div>\n<div id=\"snippet-productWidget-widgetCarousel-1-buy-29155-quantity\">        <div class=\"product-quantity-control\">\n            <form action=\"/\" method=\"post\" class=\"ajax\" id=\"frm-productWidget-widgetCarousel-1-buy-29155-quantityForm\">\n                <input type=\"text\" name=\"quantity\" size=\"3\" id=\"frm-productWidget-widgetCarousel-1-buy-29155-quantityForm-quantity\" data-nette-rules=\"[{&quot;op&quot;:&quot;:integer&quot;,&quot;msg&quot;:&quot;Množství musí být číslo.&quot;}]\" value=\"1\" tabindex=\"-1\">\n                <input type=\"submit\" name=\"_submit\" value=\"Přidat\" class=\"product-quantity-control-submit plus\" tabindex=\"-1\">\n            <input type=\"hidden\" name=\"do\" value=\"productWidget-widgetCarousel-1-buy-29155-quantityForm-submit\" tabindex=\"-1\"><!--[if IE]><input type=IEbug disabled style=\"display:none\"><![endif]-->\n</form>\n\n        </div>\n</div>\n\n        </div>\n\n        \n    </div><div id=\"product-append-29814\" class=\"product-item slick-slide\" style=\"width: 253px;\" data-slick-index=\"13\" aria-hidden=\"true\" tabindex=\"-1\" role=\"option\" aria-describedby=\"slick-slide113\">\n        <div class=\"product-item-flags\">\n        </div>\n        <div class=\"product-item-image\">\n                <a data-href=\"/?productWidget-widgetCarousel-1-id=29814&amp;do=productWidget-widgetCarousel-1-modal\" data-target=\"productWidget-widgetCarousel-1-productModal\" onclick=\"kosikAjax.click(this)\" tabindex=\"-1\">\n                    <img src=\"https://cdn.kosik.cz/content/product/jpg/list-retina/empty.jpg\" data-src=\"https://cdn.kosik.cz/content/product/jpg/list-retina/47203.jpg\" alt=\"Šmakoun Krém s pomerančovou příchutí 150g\" class=\"loading-images loading-image\">\n                </a>\n\n\n\n\n        </div>\n                <div class=\"product-item-info\">\n                <a data-href=\"/?productWidget-widgetCarousel-1-id=29814&amp;do=productWidget-widgetCarousel-1-modal\" class=\"product-name modal-link\" data-target=\"productWidget-widgetCarousel-1-productModal\" onclick=\"kosikAjax.click(this)\" tabindex=\"-1\">\n                    Šmakoun Krém s pomerančovou příchutí 150g<br><span class=\"new-product\">Novinka</span>\n                </a>\n            <p class=\"product-item-price \">\n                <span class=\"price-before-discount\">\n\t\t\t\t</span>\n<strong class=\"price\">39,90 Kč</strong>\n\n            </p>\n            <p class=\"product-item-unit\">\n                    (<strong class=\"price\">266,00 Kč</strong> / kg)\n            </p>\n                        <div class=\"product-list-rating\">\n            </div>\n<div id=\"snippet-productWidget-widgetCarousel-1-buy-29814-quantity\">        <div class=\"product-quantity-control\">\n            <form action=\"/\" method=\"post\" class=\"ajax\" id=\"frm-productWidget-widgetCarousel-1-buy-29814-quantityForm\">\n                <input type=\"text\" name=\"quantity\" size=\"3\" id=\"frm-productWidget-widgetCarousel-1-buy-29814-quantityForm-quantity\" data-nette-rules=\"[{&quot;op&quot;:&quot;:integer&quot;,&quot;msg&quot;:&quot;Množství musí být číslo.&quot;}]\" value=\"1\" tabindex=\"-1\">\n                <input type=\"submit\" name=\"_submit\" value=\"Přidat\" class=\"product-quantity-control-submit plus\" tabindex=\"-1\">\n            <input type=\"hidden\" name=\"do\" value=\"productWidget-widgetCarousel-1-buy-29814-quantityForm-submit\" tabindex=\"-1\"><!--[if IE]><input type=IEbug disabled style=\"display:none\"><![endif]-->\n</form>\n\n        </div>\n</div>\n\n        </div>\n\n        \n    </div><div id=\"product-append-29321\" class=\"product-item slick-slide\" style=\"width: 253px;\" data-slick-index=\"14\" aria-hidden=\"true\" tabindex=\"-1\" role=\"option\" aria-describedby=\"slick-slide114\">\n        <div class=\"product-item-flags\">\n        </div>\n        <div class=\"product-item-image\">\n                <a data-href=\"/?productWidget-widgetCarousel-1-id=29321&amp;do=productWidget-widgetCarousel-1-modal\" data-target=\"productWidget-widgetCarousel-1-productModal\" onclick=\"kosikAjax.click(this)\" tabindex=\"-1\">\n                    <img src=\"https://cdn.kosik.cz/content/product/jpg/list-retina/empty.jpg\" data-src=\"https://cdn.kosik.cz/content/product/jpg/list-retina/46695.jpg\" alt=\"Pure Coco 100% bio panenský kokosový olej 500ml\" class=\"loading-images loading-image\">\n                </a>\n\n\n\n\n        </div>\n                <div class=\"product-item-info\">\n                <a data-href=\"/?productWidget-widgetCarousel-1-id=29321&amp;do=productWidget-widgetCarousel-1-modal\" class=\"product-name modal-link\" data-target=\"productWidget-widgetCarousel-1-productModal\" onclick=\"kosikAjax.click(this)\" tabindex=\"-1\">\n                    Pure Coco 100% bio panenský kokosový olej 500ml\n                </a>\n            <p class=\"product-item-price \">\n                <span class=\"price-before-discount\">\n\t\t\t\t</span>\n<strong class=\"price\">299,90 Kč</strong>\n\n            </p>\n            <p class=\"product-item-unit\">\n                    (<strong class=\"price\">599,80 Kč</strong> / l)\n            </p>\n                        <div class=\"product-list-rating\">\n            </div>\n<div id=\"snippet-productWidget-widgetCarousel-1-buy-29321-quantity\">        <div class=\"product-quantity-control\">\n            <form action=\"/\" method=\"post\" class=\"ajax\" id=\"frm-productWidget-widgetCarousel-1-buy-29321-quantityForm\">\n                <input type=\"text\" name=\"quantity\" size=\"3\" id=\"frm-productWidget-widgetCarousel-1-buy-29321-quantityForm-quantity\" data-nette-rules=\"[{&quot;op&quot;:&quot;:integer&quot;,&quot;msg&quot;:&quot;Množství musí být číslo.&quot;}]\" value=\"1\" tabindex=\"-1\">\n                <input type=\"submit\" name=\"_submit\" value=\"Přidat\" class=\"product-quantity-control-submit plus\" tabindex=\"-1\">\n            <input type=\"hidden\" name=\"do\" value=\"productWidget-widgetCarousel-1-buy-29321-quantityForm-submit\" tabindex=\"-1\"><!--[if IE]><input type=IEbug disabled style=\"display:none\"><![endif]-->\n</form>\n\n        </div>\n</div>\n\n        </div>\n\n        \n    </div><div id=\"product-append-20073\" class=\"product-item slick-slide\" style=\"width: 253px;\" data-slick-index=\"15\" aria-hidden=\"true\" tabindex=\"-1\" role=\"option\" aria-describedby=\"slick-slide115\">\n        <div class=\"product-item-flags\">\n        </div>\n        <div class=\"product-item-image\">\n                <a data-href=\"/?productWidget-widgetCarousel-1-id=20073&amp;do=productWidget-widgetCarousel-1-modal\" data-target=\"productWidget-widgetCarousel-1-productModal\" onclick=\"kosikAjax.click(this)\" tabindex=\"-1\">\n                    <img src=\"https://cdn.kosik.cz/content/product/jpg/list-retina/empty.jpg\" data-src=\"https://cdn.kosik.cz/content/product/jpg/list-retina/37325.jpg\" alt=\"7UP Limonáda s citronovou příchutí 1l\" class=\"loading-images loading-image\">\n                </a>\n\n\n\n\n        </div>\n                <div class=\"product-item-info\">\n                <a data-href=\"/?productWidget-widgetCarousel-1-id=20073&amp;do=productWidget-widgetCarousel-1-modal\" class=\"product-name modal-link\" data-target=\"productWidget-widgetCarousel-1-productModal\" onclick=\"kosikAjax.click(this)\" tabindex=\"-1\">\n                    7UP Limonáda s citronovou příchutí 1l\n                </a>\n            <p class=\"product-item-price \">\n                <span class=\"price-before-discount\">\n\t\t\t\t</span>\n<strong class=\"price\">27,90 Kč</strong>\n\n            </p>\n            <p class=\"product-item-unit\">\n                    (<strong class=\"price\">27,90 Kč</strong> / l)\n            </p>\n                        <div class=\"product-list-rating\">\n            </div>\n<div id=\"snippet-productWidget-widgetCarousel-1-buy-20073-quantity\">        <div class=\"product-quantity-control\">\n            <form action=\"/\" method=\"post\" class=\"ajax\" id=\"frm-productWidget-widgetCarousel-1-buy-20073-quantityForm\">\n                <input type=\"text\" name=\"quantity\" size=\"3\" id=\"frm-productWidget-widgetCarousel-1-buy-20073-quantityForm-quantity\" data-nette-rules=\"[{&quot;op&quot;:&quot;:integer&quot;,&quot;msg&quot;:&quot;Množství musí být číslo.&quot;}]\" value=\"1\" tabindex=\"-1\">\n                <input type=\"submit\" name=\"_submit\" value=\"Přidat\" class=\"product-quantity-control-submit plus\" tabindex=\"-1\">\n            <input type=\"hidden\" name=\"do\" value=\"productWidget-widgetCarousel-1-buy-20073-quantityForm-submit\" tabindex=\"-1\"><!--[if IE]><input type=IEbug disabled style=\"display:none\"><![endif]-->\n</form>\n\n        </div>\n</div>\n\n        </div>\n\n        \n    </div><div id=\"product-append-8556\" class=\"product-item slick-slide\" style=\"width: 253px;\" data-slick-index=\"16\" aria-hidden=\"true\" tabindex=\"-1\" role=\"option\" aria-describedby=\"slick-slide116\">\n        <div class=\"product-item-flags\">\n        </div>\n        <div class=\"product-item-image\">\n                <a data-href=\"/?productWidget-widgetCarousel-1-id=8556&amp;do=productWidget-widgetCarousel-1-modal\" data-target=\"productWidget-widgetCarousel-1-productModal\" onclick=\"kosikAjax.click(this)\" tabindex=\"-1\">\n                    <img src=\"https://cdn.kosik.cz/content/product/jpg/list-retina/empty.jpg\" data-src=\"https://cdn.kosik.cz/content/product/jpg/list-retina/16006.jpg\" alt=\"Aquila ledový čaj broskev 0.33l\" class=\"loading-images loading-image\">\n                </a>\n\n\n\n\n        </div>\n                <div class=\"product-item-info\">\n                <a data-href=\"/?productWidget-widgetCarousel-1-id=8556&amp;do=productWidget-widgetCarousel-1-modal\" class=\"product-name modal-link\" data-target=\"productWidget-widgetCarousel-1-productModal\" onclick=\"kosikAjax.click(this)\" tabindex=\"-1\">\n                    Aquila ledový čaj broskev 0.33l\n                </a>\n            <p class=\"product-item-price \">\n                <span class=\"price-before-discount\">\n\t\t\t\t</span>\n<strong class=\"price\">17,90 Kč</strong>\n\n            </p>\n            <p class=\"product-item-unit\">\n                    (<strong class=\"price\">54,20 Kč</strong> / l)\n            </p>\n                        <div class=\"product-list-rating\">\n            </div>\n<div id=\"snippet-productWidget-widgetCarousel-1-buy-8556-quantity\">        <div class=\"product-quantity-control\">\n            <form action=\"/\" method=\"post\" class=\"ajax\" id=\"frm-productWidget-widgetCarousel-1-buy-8556-quantityForm\">\n                <input type=\"text\" name=\"quantity\" size=\"3\" id=\"frm-productWidget-widgetCarousel-1-buy-8556-quantityForm-quantity\" data-nette-rules=\"[{&quot;op&quot;:&quot;:integer&quot;,&quot;msg&quot;:&quot;Množství musí být číslo.&quot;}]\" value=\"1\" tabindex=\"-1\">\n                <input type=\"submit\" name=\"_submit\" value=\"Přidat\" class=\"product-quantity-control-submit plus\" tabindex=\"-1\">\n            <input type=\"hidden\" name=\"do\" value=\"productWidget-widgetCarousel-1-buy-8556-quantityForm-submit\" tabindex=\"-1\"><!--[if IE]><input type=IEbug disabled style=\"display:none\"><![endif]-->\n</form>\n\n        </div>\n</div>\n\n        </div>\n\n        \n    </div><div id=\"product-append-13857\" class=\"product-item slick-slide\" style=\"width: 253px;\" data-slick-index=\"17\" aria-hidden=\"true\" tabindex=\"-1\" role=\"option\" aria-describedby=\"slick-slide117\">\n        <div class=\"product-item-flags\">\n        </div>\n        <div class=\"product-item-image\">\n                <a data-href=\"/?productWidget-widgetCarousel-1-id=13857&amp;do=productWidget-widgetCarousel-1-modal\" data-target=\"productWidget-widgetCarousel-1-productModal\" onclick=\"kosikAjax.click(this)\" tabindex=\"-1\">\n                    <img src=\"https://cdn.kosik.cz/content/product/jpg/list-retina/empty.jpg\" data-src=\"https://cdn.kosik.cz/content/product/jpg/list-retina/31110.jpg\" alt=\"Pure Coco  Kokosová voda s příchutí ananasu 0,33l\" class=\"loading-images loading-image\">\n                </a>\n\n\n\n\n        </div>\n                <div class=\"product-item-info\">\n                <a data-href=\"/?productWidget-widgetCarousel-1-id=13857&amp;do=productWidget-widgetCarousel-1-modal\" class=\"product-name modal-link\" data-target=\"productWidget-widgetCarousel-1-productModal\" onclick=\"kosikAjax.click(this)\" tabindex=\"-1\">\n                    Pure Coco  Kokosová voda s příchutí ananasu 0,33l\n                </a>\n            <p class=\"product-item-price \">\n                <span class=\"price-before-discount\">\n\t\t\t\t</span>\n<strong class=\"price\">54,90 Kč</strong>\n\n            </p>\n            <p class=\"product-item-unit\">\n                    (<strong class=\"price\">166,40 Kč</strong> / l)\n            </p>\n                        <div class=\"product-list-rating\">\n            </div>\n<div id=\"snippet-productWidget-widgetCarousel-1-buy-13857-quantity\">        <div class=\"product-quantity-control\">\n            <form action=\"/\" method=\"post\" class=\"ajax\" id=\"frm-productWidget-widgetCarousel-1-buy-13857-quantityForm\">\n                <input type=\"text\" name=\"quantity\" size=\"3\" id=\"frm-productWidget-widgetCarousel-1-buy-13857-quantityForm-quantity\" data-nette-rules=\"[{&quot;op&quot;:&quot;:integer&quot;,&quot;msg&quot;:&quot;Množství musí být číslo.&quot;}]\" value=\"1\" tabindex=\"-1\">\n                <input type=\"submit\" name=\"_submit\" value=\"Přidat\" class=\"product-quantity-control-submit plus\" tabindex=\"-1\">\n            <input type=\"hidden\" name=\"do\" value=\"productWidget-widgetCarousel-1-buy-13857-quantityForm-submit\" tabindex=\"-1\"><!--[if IE]><input type=IEbug disabled style=\"display:none\"><![endif]-->\n</form>\n\n        </div>\n</div>\n\n        </div>\n\n        \n    </div><div id=\"product-append-24964\" class=\"product-item slick-slide\" style=\"width: 253px;\" data-slick-index=\"18\" aria-hidden=\"true\" tabindex=\"-1\" role=\"option\" aria-describedby=\"slick-slide118\">\n        <div class=\"product-item-flags\">\n        </div>\n        <div class=\"product-item-image\">\n                <a data-href=\"/?productWidget-widgetCarousel-1-id=24964&amp;do=productWidget-widgetCarousel-1-modal\" data-target=\"productWidget-widgetCarousel-1-productModal\" onclick=\"kosikAjax.click(this)\" tabindex=\"-1\">\n                    <img src=\"https://cdn.kosik.cz/content/product/jpg/list-retina/empty.jpg\" data-src=\"https://cdn.kosik.cz/content/product/jpg/list-retina/42237.jpg\" alt=\"Bärenjäger Medový likér 35%  0,7l\" class=\"loading-images loading-image\">\n                </a>\n\n\n\n\n        </div>\n                <div class=\"product-item-info\">\n                <a data-href=\"/?productWidget-widgetCarousel-1-id=24964&amp;do=productWidget-widgetCarousel-1-modal\" class=\"product-name modal-link\" data-target=\"productWidget-widgetCarousel-1-productModal\" onclick=\"kosikAjax.click(this)\" tabindex=\"-1\">\n                    Bärenjäger Medový likér 35%  0,7l\n                </a>\n            <p class=\"product-item-price \">\n                <span class=\"price-before-discount\">\n\t\t\t\t</span>\n<strong class=\"price\">589,90 Kč</strong>\n\n            </p>\n            <p class=\"product-item-unit\">\n                    (<strong class=\"price\">842,70 Kč</strong> / l)\n            </p>\n                        <div class=\"product-list-rating\">\n            </div>\n<div id=\"snippet-productWidget-widgetCarousel-1-buy-24964-quantity\">        <div class=\"product-quantity-control\">\n            <form action=\"/\" method=\"post\" class=\"ajax\" id=\"frm-productWidget-widgetCarousel-1-buy-24964-quantityForm\">\n                <input type=\"text\" name=\"quantity\" size=\"3\" id=\"frm-productWidget-widgetCarousel-1-buy-24964-quantityForm-quantity\" data-nette-rules=\"[{&quot;op&quot;:&quot;:integer&quot;,&quot;msg&quot;:&quot;Množství musí být číslo.&quot;}]\" value=\"1\" tabindex=\"-1\">\n                <input type=\"submit\" name=\"_submit\" value=\"Přidat\" class=\"product-quantity-control-submit plus\" tabindex=\"-1\">\n            <input type=\"hidden\" name=\"do\" value=\"productWidget-widgetCarousel-1-buy-24964-quantityForm-submit\" tabindex=\"-1\"><!--[if IE]><input type=IEbug disabled style=\"display:none\"><![endif]-->\n</form>\n\n        </div>\n</div>\n\n        </div>\n\n        \n    </div><div id=\"product-append-17260\" class=\"product-item slick-slide\" style=\"width: 253px;\" data-slick-index=\"19\" aria-hidden=\"true\" tabindex=\"-1\" role=\"option\" aria-describedby=\"slick-slide119\">\n        <div class=\"product-item-flags\">\n        </div>\n        <div class=\"product-item-image\">\n                <a data-href=\"/?productWidget-widgetCarousel-1-id=17260&amp;do=productWidget-widgetCarousel-1-modal\" data-target=\"productWidget-widgetCarousel-1-productModal\" onclick=\"kosikAjax.click(this)\" tabindex=\"-1\">\n                    <img src=\"https://cdn.kosik.cz/content/product/jpg/list-retina/empty.jpg\" data-src=\"https://cdn.kosik.cz/content/product/jpg/list-retina/34537.jpg\" alt=\"Perwoll Sport &amp; Active prací gel 33 PD 2l\" class=\"loading-images loading-image\">\n                </a>\n\n\n\n\n        </div>\n                <div class=\"product-item-info\">\n                <a data-href=\"/?productWidget-widgetCarousel-1-id=17260&amp;do=productWidget-widgetCarousel-1-modal\" class=\"product-name modal-link\" data-target=\"productWidget-widgetCarousel-1-productModal\" onclick=\"kosikAjax.click(this)\" tabindex=\"-1\">\n                    Perwoll Sport &amp; Active prací gel 33 PD 2l\n                </a>\n            <p class=\"product-item-price \">\n                <span class=\"price-before-discount\">\n\t\t\t\t</span>\n<strong class=\"price\">139,90 Kč</strong>\n\n            </p>\n            <p class=\"product-item-unit\">\n                    (<strong class=\"price\">4,20 Kč</strong> / dávka)\n            </p>\n                        <div class=\"product-list-rating\">\n            </div>\n<div id=\"snippet-productWidget-widgetCarousel-1-buy-17260-quantity\">        <div class=\"product-quantity-control\">\n            <form action=\"/\" method=\"post\" class=\"ajax\" id=\"frm-productWidget-widgetCarousel-1-buy-17260-quantityForm\">\n                <input type=\"text\" name=\"quantity\" size=\"3\" id=\"frm-productWidget-widgetCarousel-1-buy-17260-quantityForm-quantity\" data-nette-rules=\"[{&quot;op&quot;:&quot;:integer&quot;,&quot;msg&quot;:&quot;Množství musí být číslo.&quot;}]\" value=\"1\" tabindex=\"-1\">\n                <input type=\"submit\" name=\"_submit\" value=\"Přidat\" class=\"product-quantity-control-submit plus\" tabindex=\"-1\">\n            <input type=\"hidden\" name=\"do\" value=\"productWidget-widgetCarousel-1-buy-17260-quantityForm-submit\" tabindex=\"-1\"><!--[if IE]><input type=IEbug disabled style=\"display:none\"><![endif]-->\n</form>\n\n        </div>\n</div>\n\n        </div>\n\n        \n    </div><div id=\"product-append-26602\" class=\"product-item slick-slide\" style=\"width: 253px;\" data-slick-index=\"20\" aria-hidden=\"true\" tabindex=\"-1\" role=\"option\" aria-describedby=\"slick-slide120\">\n        <div class=\"product-item-flags\">\n            <div class=\"flag-sale \">\n                <span class=\"percents\">25<small>%</small></span>\n            </div>\n        </div>\n        <div class=\"product-item-image\">\n                <a data-href=\"/?productWidget-widgetCarousel-1-id=26602&amp;do=productWidget-widgetCarousel-1-modal\" data-target=\"productWidget-widgetCarousel-1-productModal\" onclick=\"kosikAjax.click(this)\" tabindex=\"-1\">\n                    <img src=\"https://cdn.kosik.cz/content/product/jpg/list-retina/empty.jpg\" data-src=\"https://cdn.kosik.cz/content/product/jpg/list-retina/43824.jpg\" alt=\"Finish Lemon čistič myčky 250ml\" class=\"loading-images loading-image\">\n                </a>\n\n\n\n\n        </div>\n                <div class=\"product-item-info\">\n                <a data-href=\"/?productWidget-widgetCarousel-1-id=26602&amp;do=productWidget-widgetCarousel-1-modal\" class=\"product-name modal-link\" data-target=\"productWidget-widgetCarousel-1-productModal\" onclick=\"kosikAjax.click(this)\" tabindex=\"-1\">\n                    Finish Lemon čistič myčky 250ml\n                </a>\n            <p class=\"product-item-price product-in-discount\">\n                <span class=\"price-before-discount\">\n\t\t\t\t\t<span><strong class=\"price\">79,90 Kč</strong></span>\n\t\t\t\t</span>\n<strong class=\"price\">59,90 Kč</strong>\n\n            </p>\n            <p class=\"product-item-unit\">\n                    (<strong class=\"price\">239,60 Kč</strong> / l)\n            </p>\n                        <div class=\"product-list-rating\">\n            </div>\n<div id=\"snippet-productWidget-widgetCarousel-1-buy-26602-quantity\">        <div class=\"product-quantity-control\">\n            <form action=\"/\" method=\"post\" class=\"ajax\" id=\"frm-productWidget-widgetCarousel-1-buy-26602-quantityForm\">\n                <input type=\"text\" name=\"quantity\" size=\"3\" id=\"frm-productWidget-widgetCarousel-1-buy-26602-quantityForm-quantity\" data-nette-rules=\"[{&quot;op&quot;:&quot;:integer&quot;,&quot;msg&quot;:&quot;Množství musí být číslo.&quot;}]\" value=\"1\" tabindex=\"-1\">\n                <input type=\"submit\" name=\"_submit\" value=\"Přidat\" class=\"product-quantity-control-submit plus\" tabindex=\"-1\">\n            <input type=\"hidden\" name=\"do\" value=\"productWidget-widgetCarousel-1-buy-26602-quantityForm-submit\" tabindex=\"-1\"><!--[if IE]><input type=IEbug disabled style=\"display:none\"><![endif]-->\n</form>\n\n        </div>\n</div>\n\n        </div>\n\n        \n    </div><div id=\"product-append-206\" class=\"product-item slick-slide\" style=\"width: 253px;\" data-slick-index=\"21\" aria-hidden=\"true\" tabindex=\"-1\" role=\"option\" aria-describedby=\"slick-slide121\">\n        <div class=\"product-item-flags\">\n        </div>\n        <div class=\"product-item-image\">\n                <a data-href=\"/?productWidget-widgetCarousel-1-id=206&amp;do=productWidget-widgetCarousel-1-modal\" data-target=\"productWidget-widgetCarousel-1-productModal\" onclick=\"kosikAjax.click(this)\" tabindex=\"-1\">\n                    <img src=\"https://cdn.kosik.cz/content/product/jpg/list-retina/empty.jpg\" data-src=\"https://cdn.kosik.cz/content/product/jpg/list-retina/218.jpg\" alt=\"Bref 6x Effect Power-Gel Total Protection 750ml\" class=\"loading-images loading-image\">\n                </a>\n\n\n\n\n        </div>\n                <div class=\"product-item-info\">\n                <a data-href=\"/?productWidget-widgetCarousel-1-id=206&amp;do=productWidget-widgetCarousel-1-modal\" class=\"product-name modal-link\" data-target=\"productWidget-widgetCarousel-1-productModal\" onclick=\"kosikAjax.click(this)\" tabindex=\"-1\">\n                    Bref 6x Effect Power-Gel Total Protection 750ml\n                </a>\n            <p class=\"product-item-price \">\n                <span class=\"price-before-discount\">\n\t\t\t\t</span>\n<strong class=\"price\">79,90 Kč</strong>\n\n            </p>\n            <p class=\"product-item-unit\">\n                    (<strong class=\"price\">106,50 Kč</strong> / l)\n            </p>\n                        <div class=\"product-list-rating\">\n            </div>\n<div id=\"snippet-productWidget-widgetCarousel-1-buy-206-quantity\">        <div class=\"product-quantity-control\">\n            <form action=\"/\" method=\"post\" class=\"ajax\" id=\"frm-productWidget-widgetCarousel-1-buy-206-quantityForm\">\n                <input type=\"text\" name=\"quantity\" size=\"3\" id=\"frm-productWidget-widgetCarousel-1-buy-206-quantityForm-quantity\" data-nette-rules=\"[{&quot;op&quot;:&quot;:integer&quot;,&quot;msg&quot;:&quot;Množství musí být číslo.&quot;}]\" value=\"1\" tabindex=\"-1\">\n                <input type=\"submit\" name=\"_submit\" value=\"Přidat\" class=\"product-quantity-control-submit plus\" tabindex=\"-1\">\n            <input type=\"hidden\" name=\"do\" value=\"productWidget-widgetCarousel-1-buy-206-quantityForm-submit\" tabindex=\"-1\"><!--[if IE]><input type=IEbug disabled style=\"display:none\"><![endif]-->\n</form>\n\n        </div>\n</div>\n\n        </div>\n\n        \n    </div><div id=\"product-append-17134\" class=\"product-item slick-slide\" style=\"width: 253px;\" data-slick-index=\"22\" aria-hidden=\"true\" tabindex=\"-1\" role=\"option\" aria-describedby=\"slick-slide122\">\n        <div class=\"product-item-flags\">\n        </div>\n        <div class=\"product-item-image\">\n                <a data-href=\"/?productWidget-widgetCarousel-1-id=17134&amp;do=productWidget-widgetCarousel-1-modal\" data-target=\"productWidget-widgetCarousel-1-productModal\" onclick=\"kosikAjax.click(this)\" tabindex=\"-1\">\n                    <img src=\"https://cdn.kosik.cz/content/product/jpg/list-retina/empty.jpg\" data-src=\"https://cdn.kosik.cz/content/product/jpg/list-retina/34406.jpg\" alt=\"Adidas Pure game sprchový gel pán. 250ml\" class=\"loading-images loading-image\">\n                </a>\n\n\n\n\n        </div>\n                <div class=\"product-item-info\">\n                <a data-href=\"/?productWidget-widgetCarousel-1-id=17134&amp;do=productWidget-widgetCarousel-1-modal\" class=\"product-name modal-link\" data-target=\"productWidget-widgetCarousel-1-productModal\" onclick=\"kosikAjax.click(this)\" tabindex=\"-1\">\n                    Adidas Pure game sprchový gel pán. 250ml\n                </a>\n            <p class=\"product-item-price \">\n                <span class=\"price-before-discount\">\n\t\t\t\t</span>\n<strong class=\"price\">79,90 Kč</strong>\n\n            </p>\n            <p class=\"product-item-unit\">\n                    (<strong class=\"price\">319,60 Kč</strong> / l)\n            </p>\n                        <div class=\"product-list-rating\">\n            </div>\n<div id=\"snippet-productWidget-widgetCarousel-1-buy-17134-quantity\">        <div class=\"product-quantity-control\">\n            <form action=\"/\" method=\"post\" class=\"ajax\" id=\"frm-productWidget-widgetCarousel-1-buy-17134-quantityForm\">\n                <input type=\"text\" name=\"quantity\" size=\"3\" id=\"frm-productWidget-widgetCarousel-1-buy-17134-quantityForm-quantity\" data-nette-rules=\"[{&quot;op&quot;:&quot;:integer&quot;,&quot;msg&quot;:&quot;Množství musí být číslo.&quot;}]\" value=\"1\" tabindex=\"-1\">\n                <input type=\"submit\" name=\"_submit\" value=\"Přidat\" class=\"product-quantity-control-submit plus\" tabindex=\"-1\">\n            <input type=\"hidden\" name=\"do\" value=\"productWidget-widgetCarousel-1-buy-17134-quantityForm-submit\" tabindex=\"-1\"><!--[if IE]><input type=IEbug disabled style=\"display:none\"><![endif]-->\n</form>\n\n        </div>\n</div>\n\n        </div>\n\n        \n    </div><div id=\"product-append-25709\" class=\"product-item slick-slide\" style=\"width: 253px;\" data-slick-index=\"23\" aria-hidden=\"true\" tabindex=\"-1\" role=\"option\" aria-describedby=\"slick-slide123\">\n        <div class=\"product-item-flags\">\n        </div>\n        <div class=\"product-item-image\">\n                <a data-href=\"/?productWidget-widgetCarousel-1-id=25709&amp;do=productWidget-widgetCarousel-1-modal\" data-target=\"productWidget-widgetCarousel-1-productModal\" onclick=\"kosikAjax.click(this)\" tabindex=\"-1\">\n                    <img src=\"https://cdn.kosik.cz/content/product/jpg/list-retina/empty.jpg\" data-src=\"https://cdn.kosik.cz/content/product/jpg/list-retina/42987.jpg\" alt=\"Darling masová směs 10kg\" class=\"loading-images loading-image\">\n                </a>\n\n\n\n\n        </div>\n                <div class=\"product-item-info\">\n                <a data-href=\"/?productWidget-widgetCarousel-1-id=25709&amp;do=productWidget-widgetCarousel-1-modal\" class=\"product-name modal-link\" data-target=\"productWidget-widgetCarousel-1-productModal\" onclick=\"kosikAjax.click(this)\" tabindex=\"-1\">\n                    Darling masová směs 10kg\n                </a>\n            <p class=\"product-item-price \">\n                <span class=\"price-before-discount\">\n\t\t\t\t</span>\n<strong class=\"price\">449,90 Kč</strong>\n\n            </p>\n            <p class=\"product-item-unit\">\n                    (<strong class=\"price\">45,00 Kč</strong> / kg)\n            </p>\n                        <div class=\"product-list-rating\">\n            </div>\n<div id=\"snippet-productWidget-widgetCarousel-1-buy-25709-quantity\">        <div class=\"product-quantity-control\">\n            <form action=\"/\" method=\"post\" class=\"ajax\" id=\"frm-productWidget-widgetCarousel-1-buy-25709-quantityForm\">\n                <input type=\"text\" name=\"quantity\" size=\"3\" id=\"frm-productWidget-widgetCarousel-1-buy-25709-quantityForm-quantity\" data-nette-rules=\"[{&quot;op&quot;:&quot;:integer&quot;,&quot;msg&quot;:&quot;Množství musí být číslo.&quot;}]\" value=\"1\" tabindex=\"-1\">\n                <input type=\"submit\" name=\"_submit\" value=\"Přidat\" class=\"product-quantity-control-submit plus\" tabindex=\"-1\">\n            <input type=\"hidden\" name=\"do\" value=\"productWidget-widgetCarousel-1-buy-25709-quantityForm-submit\" tabindex=\"-1\"><!--[if IE]><input type=IEbug disabled style=\"display:none\"><![endif]-->\n</form>\n\n        </div>\n</div>\n\n        </div>\n\n        \n    </div><div id=\"product-append-20367\" class=\"product-item slick-slide\" style=\"width: 253px;\" data-slick-index=\"24\" aria-hidden=\"true\" tabindex=\"-1\" role=\"option\" aria-describedby=\"slick-slide124\">\n        <div class=\"product-item-flags\">\n        </div>\n        <div class=\"product-item-image\">\n                <a data-href=\"/?productWidget-widgetCarousel-1-id=20367&amp;do=productWidget-widgetCarousel-1-modal\" data-target=\"productWidget-widgetCarousel-1-productModal\" onclick=\"kosikAjax.click(this)\" tabindex=\"-1\">\n                    <img src=\"https://cdn.kosik.cz/content/product/jpg/list-retina/empty.jpg\" data-src=\"https://cdn.kosik.cz/content/product/jpg/list-retina/37619.jpg\" alt=\"Brit Premium Adult XL 3kg\" class=\"loading-images loading-image\">\n                </a>\n\n\n\n\n        </div>\n                <div class=\"product-item-info\">\n                <a data-href=\"/?productWidget-widgetCarousel-1-id=20367&amp;do=productWidget-widgetCarousel-1-modal\" class=\"product-name modal-link\" data-target=\"productWidget-widgetCarousel-1-productModal\" onclick=\"kosikAjax.click(this)\" tabindex=\"-1\">\n                    Brit Premium Adult XL 3kg\n                </a>\n            <p class=\"product-item-price \">\n                <span class=\"price-before-discount\">\n\t\t\t\t</span>\n<strong class=\"price\">164,90 Kč</strong>\n\n            </p>\n            <p class=\"product-item-unit\">\n                    (<strong class=\"price\">55,00 Kč</strong> / kg)\n            </p>\n                        <div class=\"product-list-rating\">\n            </div>\n<div id=\"snippet-productWidget-widgetCarousel-1-buy-20367-quantity\">        <div class=\"product-quantity-control\">\n            <form action=\"/\" method=\"post\" class=\"ajax\" id=\"frm-productWidget-widgetCarousel-1-buy-20367-quantityForm\">\n                <input type=\"text\" name=\"quantity\" size=\"3\" id=\"frm-productWidget-widgetCarousel-1-buy-20367-quantityForm-quantity\" data-nette-rules=\"[{&quot;op&quot;:&quot;:integer&quot;,&quot;msg&quot;:&quot;Množství musí být číslo.&quot;}]\" value=\"1\" tabindex=\"-1\">\n                <input type=\"submit\" name=\"_submit\" value=\"Přidat\" class=\"product-quantity-control-submit plus\" tabindex=\"-1\">\n            <input type=\"hidden\" name=\"do\" value=\"productWidget-widgetCarousel-1-buy-20367-quantityForm-submit\" tabindex=\"-1\"><!--[if IE]><input type=IEbug disabled style=\"display:none\"><![endif]-->\n</form>\n\n        </div>\n</div>\n\n        </div>\n\n        \n    </div><div id=\"product-append-108\" class=\"product-item slick-slide\" style=\"width: 253px;\" data-slick-index=\"25\" aria-hidden=\"true\" tabindex=\"-1\" role=\"option\" aria-describedby=\"slick-slide125\">\n        <div class=\"product-item-flags\">\n        </div>\n        <div class=\"product-item-image\">\n                <a data-href=\"/?productWidget-widgetCarousel-1-id=108&amp;do=productWidget-widgetCarousel-1-modal\" data-target=\"productWidget-widgetCarousel-1-productModal\" onclick=\"kosikAjax.click(this)\" tabindex=\"-1\">\n                    <img src=\"https://cdn.kosik.cz/content/product/jpg/list-retina/empty.jpg\" data-src=\"https://cdn.kosik.cz/content/product/jpg/list-retina/114.jpg\" alt=\"FRISKIES Balance 500g\" class=\"loading-images loading-image\">\n                </a>\n\n\n\n\n        </div>\n                <div class=\"product-item-info\">\n                <a data-href=\"/?productWidget-widgetCarousel-1-id=108&amp;do=productWidget-widgetCarousel-1-modal\" class=\"product-name modal-link\" data-target=\"productWidget-widgetCarousel-1-productModal\" onclick=\"kosikAjax.click(this)\" tabindex=\"-1\">\n                    FRISKIES Balance 500g\n                </a>\n            <p class=\"product-item-price \">\n                <span class=\"price-before-discount\">\n\t\t\t\t</span>\n<strong class=\"price\">45,90 Kč</strong>\n\n            </p>\n            <p class=\"product-item-unit\">\n                    (<strong class=\"price\">91,80 Kč</strong> / kg)\n            </p>\n                        <div class=\"product-list-rating\">\n            </div>\n<div id=\"snippet-productWidget-widgetCarousel-1-buy-108-quantity\">        <div class=\"product-quantity-control\">\n            <form action=\"/\" method=\"post\" class=\"ajax\" id=\"frm-productWidget-widgetCarousel-1-buy-108-quantityForm\">\n                <input type=\"text\" name=\"quantity\" size=\"3\" id=\"frm-productWidget-widgetCarousel-1-buy-108-quantityForm-quantity\" data-nette-rules=\"[{&quot;op&quot;:&quot;:integer&quot;,&quot;msg&quot;:&quot;Množství musí být číslo.&quot;}]\" value=\"1\" tabindex=\"-1\">\n                <input type=\"submit\" name=\"_submit\" value=\"Přidat\" class=\"product-quantity-control-submit plus\" tabindex=\"-1\">\n            <input type=\"hidden\" name=\"do\" value=\"productWidget-widgetCarousel-1-buy-108-quantityForm-submit\" tabindex=\"-1\"><!--[if IE]><input type=IEbug disabled style=\"display:none\"><![endif]-->\n</form>\n\n        </div>\n</div>\n\n        </div>\n\n        \n    </div><div id=\"product-append-22370\" class=\"product-item slick-slide\" style=\"width: 253px;\" data-slick-index=\"26\" aria-hidden=\"true\" tabindex=\"-1\" role=\"option\" aria-describedby=\"slick-slide126\">\n        <div class=\"product-item-flags\">\n        </div>\n        <div class=\"product-item-image\">\n                <a data-href=\"/?productWidget-widgetCarousel-1-id=22370&amp;do=productWidget-widgetCarousel-1-modal\" data-target=\"productWidget-widgetCarousel-1-productModal\" onclick=\"kosikAjax.click(this)\" tabindex=\"-1\">\n                    <img src=\"https://cdn.kosik.cz/content/product/jpg/list-retina/empty.jpg\" data-src=\"https://cdn.kosik.cz/content/product/jpg/list-retina/39619.jpg\" alt=\"Gourmet Gold směs grilovaných a dušených kousků s hovězím a kuřetem v rajčatové omáčce 85g\" class=\"loading-images loading-image\">\n                </a>\n\n\n\n\n        </div>\n                <div class=\"product-item-info\">\n                <a data-href=\"/?productWidget-widgetCarousel-1-id=22370&amp;do=productWidget-widgetCarousel-1-modal\" class=\"product-name modal-link\" data-target=\"productWidget-widgetCarousel-1-productModal\" onclick=\"kosikAjax.click(this)\" tabindex=\"-1\">\n                    Gourmet Gold směs grilovaných a dušených kousků s hovězím a kuřetem v rajčatové omáčce 85g\n                </a>\n            <p class=\"product-item-price \">\n                <span class=\"price-before-discount\">\n\t\t\t\t</span>\n<strong class=\"price\">17,90 Kč</strong>\n\n            </p>\n            <p class=\"product-item-unit\">\n                    (<strong class=\"price\">210,60 Kč</strong> / kg)\n            </p>\n                        <div class=\"product-list-rating\">\n            </div>\n<div id=\"snippet-productWidget-widgetCarousel-1-buy-22370-quantity\">        <div class=\"product-quantity-control\">\n            <form action=\"/\" method=\"post\" class=\"ajax\" id=\"frm-productWidget-widgetCarousel-1-buy-22370-quantityForm\">\n                <input type=\"text\" name=\"quantity\" size=\"3\" id=\"frm-productWidget-widgetCarousel-1-buy-22370-quantityForm-quantity\" data-nette-rules=\"[{&quot;op&quot;:&quot;:integer&quot;,&quot;msg&quot;:&quot;Množství musí být číslo.&quot;}]\" value=\"1\" tabindex=\"-1\">\n                <input type=\"submit\" name=\"_submit\" value=\"Přidat\" class=\"product-quantity-control-submit plus\" tabindex=\"-1\">\n            <input type=\"hidden\" name=\"do\" value=\"productWidget-widgetCarousel-1-buy-22370-quantityForm-submit\" tabindex=\"-1\"><!--[if IE]><input type=IEbug disabled style=\"display:none\"><![endif]-->\n</form>\n\n        </div>\n</div>\n\n        </div>\n\n        \n    </div><div id=\"product-append-18277\" class=\"product-item slick-slide\" style=\"width: 253px;\" data-slick-index=\"27\" aria-hidden=\"true\" tabindex=\"-1\" role=\"option\" aria-describedby=\"slick-slide127\">\n        <div class=\"product-item-flags\">\n        </div>\n        <div class=\"product-item-image\">\n                <a data-href=\"/?productWidget-widgetCarousel-1-id=18277&amp;do=productWidget-widgetCarousel-1-modal\" data-target=\"productWidget-widgetCarousel-1-productModal\" onclick=\"kosikAjax.click(this)\" tabindex=\"-1\">\n                    <img src=\"https://cdn.kosik.cz/content/product/jpg/list-retina/empty.jpg\" data-src=\"https://cdn.kosik.cz/content/product/jpg/list-retina/35532.jpg\" alt=\"Vepřová šunka přeštická krájená (cca 150g)\" class=\"loading-images loading-image\">\n                </a>\n\n\n\n\n        </div>\n                <div class=\"product-item-info\">\n                <a data-href=\"/?productWidget-widgetCarousel-1-id=18277&amp;do=productWidget-widgetCarousel-1-modal\" class=\"product-name modal-link\" data-target=\"productWidget-widgetCarousel-1-productModal\" onclick=\"kosikAjax.click(this)\" tabindex=\"-1\">\n                    Vepřová šunka přeštická krájená (cca 150g)\n                </a>\n            <p class=\"product-item-price \">\n                <span class=\"price-before-discount\">\n\t\t\t\t</span>\n                <small class=\"circa-prefix\">cca </small><strong class=\"price\">59,00 Kč</strong>\n\n            </p>\n            <p class=\"product-item-unit\">\n                    (<strong class=\"price\">393,30 Kč</strong> / kg)\n            </p>\n                        <div class=\"product-list-rating\">\n                <span><ul class=\"rating\"><li class=\"rating-children rating-1 up\" data-rating=\"1\"><i class=\"fa fa-star\"></i></li><li class=\"rating-children rating-2 up\" data-rating=\"2\"><i class=\"fa fa-star\"></i></li><li class=\"rating-children rating-3 up\" data-rating=\"3\"><i class=\"fa fa-star\"></i></li><li class=\"rating-children rating-4 up\" data-rating=\"4\"><i class=\"fa fa-star\"></i></li><li class=\"rating-children rating-5 up\" data-rating=\"5\"><i class=\"fa fa-star\"></i></li></ul></span>\n            </div>\n<div id=\"snippet-productWidget-widgetCarousel-1-buy-18277-quantity\">        <div class=\"product-quantity-control\">\n            <form action=\"/\" method=\"post\" class=\"ajax\" id=\"frm-productWidget-widgetCarousel-1-buy-18277-quantityForm\">\n                <input type=\"text\" name=\"quantity\" size=\"3\" id=\"frm-productWidget-widgetCarousel-1-buy-18277-quantityForm-quantity\" data-nette-rules=\"[{&quot;op&quot;:&quot;:integer&quot;,&quot;msg&quot;:&quot;Množství musí být číslo.&quot;}]\" value=\"1\" tabindex=\"-1\">\n                <input type=\"submit\" name=\"_submit\" value=\"Přidat\" class=\"product-quantity-control-submit plus\" tabindex=\"-1\">\n            <input type=\"hidden\" name=\"do\" value=\"productWidget-widgetCarousel-1-buy-18277-quantityForm-submit\" tabindex=\"-1\"><!--[if IE]><input type=IEbug disabled style=\"display:none\"><![endif]-->\n</form>\n\n        </div>\n</div>\n\n        </div>\n\n        \n    </div><div id=\"product-append-29893\" class=\"product-item slick-slide\" style=\"width: 253px;\" data-slick-index=\"28\" aria-hidden=\"true\" tabindex=\"-1\" role=\"option\" aria-describedby=\"slick-slide128\">\n        <div class=\"product-item-flags\">\n        </div>\n        <div class=\"product-item-image\">\n                <a data-href=\"/?productWidget-widgetCarousel-1-id=29893&amp;do=productWidget-widgetCarousel-1-modal\" data-target=\"productWidget-widgetCarousel-1-productModal\" onclick=\"kosikAjax.click(this)\" tabindex=\"-1\">\n                    <img src=\"https://cdn.kosik.cz/content/product/jpg/list-retina/empty.jpg\" data-src=\"https://cdn.kosik.cz/content/product/jpg/list-retina/47283.jpg\" alt=\"Bio hovězí žebra (cca 500g)\" class=\"loading-images loading-image\">\n                </a>\n\n\n\n\n        </div>\n                <div class=\"product-item-info\">\n                <a data-href=\"/?productWidget-widgetCarousel-1-id=29893&amp;do=productWidget-widgetCarousel-1-modal\" class=\"product-name modal-link\" data-target=\"productWidget-widgetCarousel-1-productModal\" onclick=\"kosikAjax.click(this)\" tabindex=\"-1\">\n                    Bio hovězí žebra (cca 500g)<br><span class=\"new-product\">Novinka</span>\n                </a>\n            <p class=\"product-item-price \">\n                <span class=\"price-before-discount\">\n\t\t\t\t</span>\n                <small class=\"circa-prefix\">cca </small><strong class=\"price\">79,50 Kč</strong>\n\n            </p>\n            <p class=\"product-item-unit\">\n                    (<strong class=\"price\">159,00 Kč</strong> / kg)\n            </p>\n                        <div class=\"product-list-rating\">\n            </div>\n<div id=\"snippet-productWidget-widgetCarousel-1-buy-29893-quantity\">        <div class=\"product-quantity-control\">\n            <form action=\"/\" method=\"post\" class=\"ajax\" id=\"frm-productWidget-widgetCarousel-1-buy-29893-quantityForm\">\n                <input type=\"text\" name=\"quantity\" size=\"3\" id=\"frm-productWidget-widgetCarousel-1-buy-29893-quantityForm-quantity\" data-nette-rules=\"[{&quot;op&quot;:&quot;:integer&quot;,&quot;msg&quot;:&quot;Množství musí být číslo.&quot;}]\" value=\"1\" tabindex=\"-1\">\n                <input type=\"submit\" name=\"_submit\" value=\"Přidat\" class=\"product-quantity-control-submit plus\" tabindex=\"-1\">\n            <input type=\"hidden\" name=\"do\" value=\"productWidget-widgetCarousel-1-buy-29893-quantityForm-submit\" tabindex=\"-1\"><!--[if IE]><input type=IEbug disabled style=\"display:none\"><![endif]-->\n</form>\n\n        </div>\n</div>\n\n        </div>\n\n        \n    </div><div id=\"product-append-10073\" class=\"product-item slick-slide\" style=\"width: 253px;\" data-slick-index=\"29\" aria-hidden=\"true\" tabindex=\"-1\" role=\"option\" aria-describedby=\"slick-slide129\">\n        <div class=\"product-item-flags\">\n        </div>\n        <div class=\"product-item-image\">\n                <a data-href=\"/?productWidget-widgetCarousel-1-id=10073&amp;do=productWidget-widgetCarousel-1-modal\" data-target=\"productWidget-widgetCarousel-1-productModal\" onclick=\"kosikAjax.click(this)\" tabindex=\"-1\">\n                    <img src=\"https://cdn.kosik.cz/content/product/jpg/list-retina/empty.jpg\" data-src=\"https://cdn.kosik.cz/content/product/jpg/list-retina/27844.jpg\" alt=\"Salát ledový (cca 270g)\" class=\"loading-images loading-image\">\n                </a>\n\n\n\n\n        </div>\n                <div class=\"product-item-info\">\n                <a data-href=\"/?productWidget-widgetCarousel-1-id=10073&amp;do=productWidget-widgetCarousel-1-modal\" class=\"product-name modal-link\" data-target=\"productWidget-widgetCarousel-1-productModal\" onclick=\"kosikAjax.click(this)\" tabindex=\"-1\">\n                    Salát ledový (cca 270g)\n                </a>\n            <p class=\"product-item-price \">\n                <span class=\"price-before-discount\">\n\t\t\t\t</span>\n<strong class=\"price\">22,90 Kč</strong>\n\n            </p>\n            <p class=\"product-item-unit\">\n                    (<strong class=\"price\">84,80 Kč</strong> / kg)\n            </p>\n                        <div class=\"product-list-rating\">\n                <span><ul class=\"rating\"><li class=\"rating-children rating-1 up\" data-rating=\"1\"><i class=\"fa fa-star\"></i></li><li class=\"rating-children rating-2 up\" data-rating=\"2\"><i class=\"fa fa-star\"></i></li><li class=\"rating-children rating-3 up\" data-rating=\"3\"><i class=\"fa fa-star\"></i></li><li class=\"rating-children rating-4 up\" data-rating=\"4\"><i class=\"fa fa-star\"></i></li><li class=\"rating-children rating-5 up\" data-rating=\"5\"><i class=\"fa fa-star\"></i></li></ul></span>\n            </div>\n<div id=\"snippet-productWidget-widgetCarousel-1-buy-10073-quantity\">        <div class=\"product-quantity-control\">\n            <form action=\"/\" method=\"post\" class=\"ajax\" id=\"frm-productWidget-widgetCarousel-1-buy-10073-quantityForm\">\n                <input type=\"text\" name=\"quantity\" size=\"3\" id=\"frm-productWidget-widgetCarousel-1-buy-10073-quantityForm-quantity\" data-nette-rules=\"[{&quot;op&quot;:&quot;:integer&quot;,&quot;msg&quot;:&quot;Množství musí být číslo.&quot;}]\" value=\"1\" tabindex=\"-1\">\n                <input type=\"submit\" name=\"_submit\" value=\"Přidat\" class=\"product-quantity-control-submit plus\" tabindex=\"-1\">\n            <input type=\"hidden\" name=\"do\" value=\"productWidget-widgetCarousel-1-buy-10073-quantityForm-submit\" tabindex=\"-1\"><!--[if IE]><input type=IEbug disabled style=\"display:none\"><![endif]-->\n</form>\n\n        </div>\n</div>\n\n        </div>\n\n        \n    </div><div id=\"product-append-20727\" class=\"product-item slick-slide\" style=\"width: 253px;\" data-slick-index=\"30\" aria-hidden=\"true\" tabindex=\"-1\" role=\"option\" aria-describedby=\"slick-slide130\">\n        <div class=\"product-item-flags\">\n        </div>\n        <div class=\"product-item-image\">\n                <a data-href=\"/?productWidget-widgetCarousel-1-id=20727&amp;do=productWidget-widgetCarousel-1-modal\" data-target=\"productWidget-widgetCarousel-1-productModal\" onclick=\"kosikAjax.click(this)\" tabindex=\"-1\">\n                    <img src=\"https://cdn.kosik.cz/content/product/jpg/list-retina/empty.jpg\" data-src=\"https://cdn.kosik.cz/content/product/jpg/list-retina/37979.jpg\" alt=\"Granoro Mezzi gomiti kolínka velká 500g\" class=\"loading-images loading-image\">\n                </a>\n\n\n\n\n        </div>\n                <div class=\"product-item-info\">\n                <a data-href=\"/?productWidget-widgetCarousel-1-id=20727&amp;do=productWidget-widgetCarousel-1-modal\" class=\"product-name modal-link\" data-target=\"productWidget-widgetCarousel-1-productModal\" onclick=\"kosikAjax.click(this)\" tabindex=\"-1\">\n                    Granoro Mezzi gomiti kolínka velká 500g\n                </a>\n            <p class=\"product-item-price \">\n                <span class=\"price-before-discount\">\n\t\t\t\t</span>\n<strong class=\"price\">29,90 Kč</strong>\n\n            </p>\n            <p class=\"product-item-unit\">\n                    (<strong class=\"price\">59,80 Kč</strong> / kg)\n            </p>\n                        <div class=\"product-list-rating\">\n            </div>\n<div id=\"snippet-productWidget-widgetCarousel-1-buy-20727-quantity\">        <div class=\"product-quantity-control\">\n            <form action=\"/\" method=\"post\" class=\"ajax\" id=\"frm-productWidget-widgetCarousel-1-buy-20727-quantityForm\">\n                <input type=\"text\" name=\"quantity\" size=\"3\" id=\"frm-productWidget-widgetCarousel-1-buy-20727-quantityForm-quantity\" data-nette-rules=\"[{&quot;op&quot;:&quot;:integer&quot;,&quot;msg&quot;:&quot;Množství musí být číslo.&quot;}]\" value=\"1\" tabindex=\"-1\">\n                <input type=\"submit\" name=\"_submit\" value=\"Přidat\" class=\"product-quantity-control-submit plus\" tabindex=\"-1\">\n            <input type=\"hidden\" name=\"do\" value=\"productWidget-widgetCarousel-1-buy-20727-quantityForm-submit\" tabindex=\"-1\"><!--[if IE]><input type=IEbug disabled style=\"display:none\"><![endif]-->\n</form>\n\n        </div>\n</div>\n\n        </div>\n\n        \n    </div><div id=\"product-append-29144\" class=\"product-item slick-slide\" style=\"width: 253px;\" data-slick-index=\"31\" aria-hidden=\"true\" tabindex=\"-1\" role=\"option\" aria-describedby=\"slick-slide131\">\n        <div class=\"product-item-flags\">\n        </div>\n        <div class=\"product-item-image\">\n                <a data-href=\"/?productWidget-widgetCarousel-1-id=29144&amp;do=productWidget-widgetCarousel-1-modal\" data-target=\"productWidget-widgetCarousel-1-productModal\" onclick=\"kosikAjax.click(this)\" tabindex=\"-1\">\n                    <img src=\"https://cdn.kosik.cz/content/product/jpg/list-retina/empty.jpg\" data-src=\"https://cdn.kosik.cz/content/product/jpg/list-retina/46519.jpg\" alt=\"Náš Grunt Bio tvarohová pomazánka bylinky 150g\" class=\"loading-images loading-image\">\n                </a>\n\n\n\n\n        </div>\n                <div class=\"product-item-info\">\n                <a data-href=\"/?productWidget-widgetCarousel-1-id=29144&amp;do=productWidget-widgetCarousel-1-modal\" class=\"product-name modal-link\" data-target=\"productWidget-widgetCarousel-1-productModal\" onclick=\"kosikAjax.click(this)\" tabindex=\"-1\">\n                    Náš Grunt Bio tvarohová pomazánka bylinky 150g\n                </a>\n            <p class=\"product-item-price \">\n                <span class=\"price-before-discount\">\n\t\t\t\t</span>\n<strong class=\"price\">31,90 Kč</strong>\n\n            </p>\n            <p class=\"product-item-unit\">\n                    (<strong class=\"price\">212,70 Kč</strong> / kg)\n            </p>\n                        <div class=\"product-list-rating\">\n            </div>\n<div id=\"snippet-productWidget-widgetCarousel-1-buy-29144-quantity\">        <div class=\"product-quantity-control\">\n            <form action=\"/\" method=\"post\" class=\"ajax\" id=\"frm-productWidget-widgetCarousel-1-buy-29144-quantityForm\">\n                <input type=\"text\" name=\"quantity\" size=\"3\" id=\"frm-productWidget-widgetCarousel-1-buy-29144-quantityForm-quantity\" data-nette-rules=\"[{&quot;op&quot;:&quot;:integer&quot;,&quot;msg&quot;:&quot;Množství musí být číslo.&quot;}]\" value=\"1\" tabindex=\"-1\">\n                <input type=\"submit\" name=\"_submit\" value=\"Přidat\" class=\"product-quantity-control-submit plus\" tabindex=\"-1\">\n            <input type=\"hidden\" name=\"do\" value=\"productWidget-widgetCarousel-1-buy-29144-quantityForm-submit\" tabindex=\"-1\"><!--[if IE]><input type=IEbug disabled style=\"display:none\"><![endif]-->\n</form>\n\n        </div>\n</div>\n\n        </div>\n\n        \n    </div><div id=\"product-append-20607\" class=\"product-item slick-slide\" style=\"width: 253px;\" data-slick-index=\"32\" aria-hidden=\"true\" tabindex=\"-1\" role=\"option\" aria-describedby=\"slick-slide132\">\n        <div class=\"product-item-flags\">\n        </div>\n        <div class=\"product-item-image\">\n                <a data-href=\"/?productWidget-widgetCarousel-1-id=20607&amp;do=productWidget-widgetCarousel-1-modal\" data-target=\"productWidget-widgetCarousel-1-productModal\" onclick=\"kosikAjax.click(this)\" tabindex=\"-1\">\n                    <img src=\"https://cdn.kosik.cz/content/product/jpg/list-retina/empty.jpg\" data-src=\"https://cdn.kosik.cz/content/product/jpg/list-retina/37859.jpg\" alt=\"Chio Tortillas Kukuřičný snack s příchutí sýra 125g\" class=\"loading-images loading-image\">\n                </a>\n\n\n\n\n        </div>\n                <div class=\"product-item-info\">\n                <a data-href=\"/?productWidget-widgetCarousel-1-id=20607&amp;do=productWidget-widgetCarousel-1-modal\" class=\"product-name modal-link\" data-target=\"productWidget-widgetCarousel-1-productModal\" onclick=\"kosikAjax.click(this)\" tabindex=\"-1\">\n                    Chio Tortillas Kukuřičný snack s příchutí sýra 125g\n                </a>\n            <p class=\"product-item-price \">\n                <span class=\"price-before-discount\">\n\t\t\t\t</span>\n<strong class=\"price\">34,90 Kč</strong>\n\n            </p>\n            <p class=\"product-item-unit\">\n                    (<strong class=\"price\">279,20 Kč</strong> / kg)\n            </p>\n                        <div class=\"product-list-rating\">\n            </div>\n<div id=\"snippet-productWidget-widgetCarousel-1-buy-20607-quantity\">        <div class=\"product-quantity-control\">\n            <form action=\"/\" method=\"post\" class=\"ajax\" id=\"frm-productWidget-widgetCarousel-1-buy-20607-quantityForm\">\n                <input type=\"text\" name=\"quantity\" size=\"3\" id=\"frm-productWidget-widgetCarousel-1-buy-20607-quantityForm-quantity\" data-nette-rules=\"[{&quot;op&quot;:&quot;:integer&quot;,&quot;msg&quot;:&quot;Množství musí být číslo.&quot;}]\" value=\"1\" tabindex=\"-1\">\n                <input type=\"submit\" name=\"_submit\" value=\"Přidat\" class=\"product-quantity-control-submit plus\" tabindex=\"-1\">\n            <input type=\"hidden\" name=\"do\" value=\"productWidget-widgetCarousel-1-buy-20607-quantityForm-submit\" tabindex=\"-1\"><!--[if IE]><input type=IEbug disabled style=\"display:none\"><![endif]-->\n</form>\n\n        </div>\n</div>\n\n        </div>\n\n        \n    </div><div id=\"product-append-118\" class=\"product-item slick-slide\" style=\"width: 253px;\" data-slick-index=\"33\" aria-hidden=\"true\" tabindex=\"-1\" role=\"option\" aria-describedby=\"slick-slide133\">\n        <div class=\"product-item-flags\">\n        </div>\n        <div class=\"product-item-image\">\n                <a data-href=\"/?productWidget-widgetCarousel-1-id=118&amp;do=productWidget-widgetCarousel-1-modal\" data-target=\"productWidget-widgetCarousel-1-productModal\" onclick=\"kosikAjax.click(this)\" tabindex=\"-1\">\n                    <img src=\"https://cdn.kosik.cz/content/product/jpg/list-retina/empty.jpg\" data-src=\"https://cdn.kosik.cz/content/product/jpg/list-retina/124.jpg\" alt=\"Pedigree Meaty Sticks S hovězím masem doplňkové krmivo pro dospělé psy 3 x 11g\" class=\"loading-images loading-image\">\n                </a>\n\n\n\n\n        </div>\n                <div class=\"product-item-info\">\n                <a data-href=\"/?productWidget-widgetCarousel-1-id=118&amp;do=productWidget-widgetCarousel-1-modal\" class=\"product-name modal-link\" data-target=\"productWidget-widgetCarousel-1-productModal\" onclick=\"kosikAjax.click(this)\" tabindex=\"-1\">\n                    Pedigree Meaty Sticks S hovězím masem doplňkové krmivo pro dospělé psy 3 x 11g\n                </a>\n            <p class=\"product-item-price \">\n                <span class=\"price-before-discount\">\n\t\t\t\t</span>\n<strong class=\"price\">29,90 Kč</strong>\n\n            </p>\n            <p class=\"product-item-unit\">\n                    (<strong class=\"price\">996,70 Kč</strong> / kg)\n            </p>\n                        <div class=\"product-list-rating\">\n            </div>\n<div id=\"snippet-productWidget-widgetCarousel-1-buy-118-quantity\">        <div class=\"product-quantity-control\">\n            <form action=\"/\" method=\"post\" class=\"ajax\" id=\"frm-productWidget-widgetCarousel-1-buy-118-quantityForm\">\n                <input type=\"text\" name=\"quantity\" size=\"3\" id=\"frm-productWidget-widgetCarousel-1-buy-118-quantityForm-quantity\" data-nette-rules=\"[{&quot;op&quot;:&quot;:integer&quot;,&quot;msg&quot;:&quot;Množství musí být číslo.&quot;}]\" value=\"1\" tabindex=\"-1\">\n                <input type=\"submit\" name=\"_submit\" value=\"Přidat\" class=\"product-quantity-control-submit plus\" tabindex=\"-1\">\n            <input type=\"hidden\" name=\"do\" value=\"productWidget-widgetCarousel-1-buy-118-quantityForm-submit\" tabindex=\"-1\"><!--[if IE]><input type=IEbug disabled style=\"display:none\"><![endif]-->\n</form>\n\n        </div>\n</div>\n\n        </div>\n\n        \n    </div><div id=\"product-append-28771\" class=\"product-item slick-slide\" style=\"width: 253px;\" data-slick-index=\"34\" aria-hidden=\"true\" tabindex=\"-1\" role=\"option\" aria-describedby=\"slick-slide134\">\n        <div class=\"product-item-flags\">\n        </div>\n        <div class=\"product-item-image\">\n                <a data-href=\"/?productWidget-widgetCarousel-1-id=28771&amp;do=productWidget-widgetCarousel-1-modal\" data-target=\"productWidget-widgetCarousel-1-productModal\" onclick=\"kosikAjax.click(this)\" tabindex=\"-1\">\n                    <img src=\"https://cdn.kosik.cz/content/product/jpg/list-retina/empty.jpg\" data-src=\"https://cdn.kosik.cz/content/product/jpg/list-retina/46123.jpg\" alt=\"Silan Supreme Passion 1,2l\" class=\"loading-images loading-image\">\n                </a>\n\n\n\n\n        </div>\n                <div class=\"product-item-info\">\n                <a data-href=\"/?productWidget-widgetCarousel-1-id=28771&amp;do=productWidget-widgetCarousel-1-modal\" class=\"product-name modal-link\" data-target=\"productWidget-widgetCarousel-1-productModal\" onclick=\"kosikAjax.click(this)\" tabindex=\"-1\">\n                    Silan Supreme Passion 1,2l\n                </a>\n            <p class=\"product-item-price \">\n                <span class=\"price-before-discount\">\n\t\t\t\t</span>\n<strong class=\"price\">139,90 Kč</strong>\n\n            </p>\n            <p class=\"product-item-unit\">\n                    (<strong class=\"price\">116,60 Kč</strong> / l)\n            </p>\n                        <div class=\"product-list-rating\">\n            </div>\n<div id=\"snippet-productWidget-widgetCarousel-1-buy-28771-quantity\">        <div class=\"product-quantity-control\">\n            <form action=\"/\" method=\"post\" class=\"ajax\" id=\"frm-productWidget-widgetCarousel-1-buy-28771-quantityForm\">\n                <input type=\"text\" name=\"quantity\" size=\"3\" id=\"frm-productWidget-widgetCarousel-1-buy-28771-quantityForm-quantity\" data-nette-rules=\"[{&quot;op&quot;:&quot;:integer&quot;,&quot;msg&quot;:&quot;Množství musí být číslo.&quot;}]\" value=\"1\" tabindex=\"-1\">\n                <input type=\"submit\" name=\"_submit\" value=\"Přidat\" class=\"product-quantity-control-submit plus\" tabindex=\"-1\">\n            <input type=\"hidden\" name=\"do\" value=\"productWidget-widgetCarousel-1-buy-28771-quantityForm-submit\" tabindex=\"-1\"><!--[if IE]><input type=IEbug disabled style=\"display:none\"><![endif]-->\n</form>\n\n        </div>\n</div>\n\n        </div>\n\n        \n    </div><div id=\"product-append-21013\" class=\"product-item slick-slide\" style=\"width: 253px;\" data-slick-index=\"35\" aria-hidden=\"true\" tabindex=\"-1\" role=\"option\" aria-describedby=\"slick-slide135\">\n        <div class=\"product-item-flags\">\n        </div>\n        <div class=\"product-item-image\">\n                <a data-href=\"/?productWidget-widgetCarousel-1-id=21013&amp;do=productWidget-widgetCarousel-1-modal\" data-target=\"productWidget-widgetCarousel-1-productModal\" onclick=\"kosikAjax.click(this)\" tabindex=\"-1\">\n                    <img src=\"https://cdn.kosik.cz/content/product/jpg/list-retina/empty.jpg\" data-src=\"https://cdn.kosik.cz/content/product/jpg/list-retina/38265.jpg\" alt=\"Erci Bezvaječné sušené nudle 500g\" class=\"loading-images loading-image\">\n                </a>\n\n\n\n\n        </div>\n                <div class=\"product-item-info\">\n                <a data-href=\"/?productWidget-widgetCarousel-1-id=21013&amp;do=productWidget-widgetCarousel-1-modal\" class=\"product-name modal-link\" data-target=\"productWidget-widgetCarousel-1-productModal\" onclick=\"kosikAjax.click(this)\" tabindex=\"-1\">\n                    Erci Bezvaječné sušené nudle 500g\n                </a>\n            <p class=\"product-item-price \">\n                <span class=\"price-before-discount\">\n\t\t\t\t</span>\n<strong class=\"price\">57,90 Kč</strong>\n\n            </p>\n            <p class=\"product-item-unit\">\n                    (<strong class=\"price\">115,80 Kč</strong> / kg)\n            </p>\n                        <div class=\"product-list-rating\">\n            </div>\n<div id=\"snippet-productWidget-widgetCarousel-1-buy-21013-quantity\">        <div class=\"product-quantity-control\">\n            <form action=\"/\" method=\"post\" class=\"ajax\" id=\"frm-productWidget-widgetCarousel-1-buy-21013-quantityForm\">\n                <input type=\"text\" name=\"quantity\" size=\"3\" id=\"frm-productWidget-widgetCarousel-1-buy-21013-quantityForm-quantity\" data-nette-rules=\"[{&quot;op&quot;:&quot;:integer&quot;,&quot;msg&quot;:&quot;Množství musí být číslo.&quot;}]\" value=\"1\" tabindex=\"-1\">\n                <input type=\"submit\" name=\"_submit\" value=\"Přidat\" class=\"product-quantity-control-submit plus\" tabindex=\"-1\">\n            <input type=\"hidden\" name=\"do\" value=\"productWidget-widgetCarousel-1-buy-21013-quantityForm-submit\" tabindex=\"-1\"><!--[if IE]><input type=IEbug disabled style=\"display:none\"><![endif]-->\n</form>\n\n        </div>\n</div>\n\n        </div>\n\n        \n    </div><div id=\"product-append-29797\" class=\"product-item slick-slide\" style=\"width: 253px;\" data-slick-index=\"36\" aria-hidden=\"true\" tabindex=\"-1\" role=\"option\" aria-describedby=\"slick-slide136\">\n        <div class=\"product-item-flags\">\n        </div>\n        <div class=\"product-item-image\">\n                <a data-href=\"/?productWidget-widgetCarousel-1-id=29797&amp;do=productWidget-widgetCarousel-1-modal\" data-target=\"productWidget-widgetCarousel-1-productModal\" onclick=\"kosikAjax.click(this)\" tabindex=\"-1\">\n                    <img src=\"https://cdn.kosik.cz/content/product/jpg/list-retina/empty.jpg\" data-src=\"https://cdn.kosik.cz/content/product/jpg/list-retina/47185.jpg\" alt=\"Faho Knedlíky kynuté borůvkové chlazené (6ks) 550g\" class=\"loading-images loading-image\">\n                </a>\n\n\n\n\n        </div>\n                <div class=\"product-item-info\">\n                <a data-href=\"/?productWidget-widgetCarousel-1-id=29797&amp;do=productWidget-widgetCarousel-1-modal\" class=\"product-name modal-link\" data-target=\"productWidget-widgetCarousel-1-productModal\" onclick=\"kosikAjax.click(this)\" tabindex=\"-1\">\n                    Faho Knedlíky kynuté borůvkové chlazené (6ks) 550g<br><span class=\"new-product\">Novinka</span>\n                </a>\n            <p class=\"product-item-price \">\n                <span class=\"price-before-discount\">\n\t\t\t\t</span>\n<strong class=\"price\">109,90 Kč</strong>\n\n            </p>\n            <p class=\"product-item-unit\">\n                    (<strong class=\"price\">199,80 Kč</strong> / kg)\n            </p>\n                        <div class=\"product-list-rating\">\n            </div>\n<div id=\"snippet-productWidget-widgetCarousel-1-buy-29797-quantity\">        <div class=\"product-quantity-control\">\n            <form action=\"/\" method=\"post\" class=\"ajax\" id=\"frm-productWidget-widgetCarousel-1-buy-29797-quantityForm\">\n                <input type=\"text\" name=\"quantity\" size=\"3\" id=\"frm-productWidget-widgetCarousel-1-buy-29797-quantityForm-quantity\" data-nette-rules=\"[{&quot;op&quot;:&quot;:integer&quot;,&quot;msg&quot;:&quot;Množství musí být číslo.&quot;}]\" value=\"1\" tabindex=\"-1\">\n                <input type=\"submit\" name=\"_submit\" value=\"Přidat\" class=\"product-quantity-control-submit plus\" tabindex=\"-1\">\n            <input type=\"hidden\" name=\"do\" value=\"productWidget-widgetCarousel-1-buy-29797-quantityForm-submit\" tabindex=\"-1\"><!--[if IE]><input type=IEbug disabled style=\"display:none\"><![endif]-->\n</form>\n\n        </div>\n</div>\n\n        </div>\n\n        \n    </div><div id=\"product-append-24904\" class=\"product-item slick-slide\" style=\"width: 253px;\" data-slick-index=\"37\" aria-hidden=\"true\" tabindex=\"-1\" role=\"option\" aria-describedby=\"slick-slide137\">\n        <div class=\"product-item-flags\">\n        </div>\n        <div class=\"product-item-image\">\n                <a data-href=\"/?productWidget-widgetCarousel-1-id=24904&amp;do=productWidget-widgetCarousel-1-modal\" data-target=\"productWidget-widgetCarousel-1-productModal\" onclick=\"kosikAjax.click(this)\" tabindex=\"-1\">\n                    <img src=\"https://cdn.kosik.cz/content/product/jpg/list-retina/empty.jpg\" data-src=\"https://cdn.kosik.cz/content/product/jpg/list-retina/42177.jpg\" alt=\"Vandemoortele Premium donut 85g\" class=\"loading-images loading-image\">\n                </a>\n\n\n\n\n        </div>\n                <div class=\"product-item-info\">\n                <a data-href=\"/?productWidget-widgetCarousel-1-id=24904&amp;do=productWidget-widgetCarousel-1-modal\" class=\"product-name modal-link\" data-target=\"productWidget-widgetCarousel-1-productModal\" onclick=\"kosikAjax.click(this)\" tabindex=\"-1\">\n                    Vandemoortele Premium donut 85g\n                </a>\n            <p class=\"product-item-price \">\n                <span class=\"price-before-discount\">\n\t\t\t\t</span>\n<strong class=\"price\">19,90 Kč</strong>\n\n            </p>\n            <p class=\"product-item-unit\">\n                    (<strong class=\"price\">234,10 Kč</strong> / kg)\n            </p>\n                        <div class=\"product-list-rating\">\n                <span><ul class=\"rating\"><li class=\"rating-children rating-1 up\" data-rating=\"1\"><i class=\"fa fa-star\"></i></li><li class=\"rating-children rating-2 up\" data-rating=\"2\"><i class=\"fa fa-star\"></i></li><li class=\"rating-children rating-3 up\" data-rating=\"3\"><i class=\"fa fa-star\"></i></li><li class=\"rating-children rating-4 up\" data-rating=\"4\"><i class=\"fa fa-star\"></i></li><li class=\"rating-children rating-5 up\" data-rating=\"5\"><i class=\"fa fa-star\"></i></li></ul></span>\n            </div>\n<div id=\"snippet-productWidget-widgetCarousel-1-buy-24904-quantity\">        <div class=\"product-quantity-control\">\n            <form action=\"/\" method=\"post\" class=\"ajax\" id=\"frm-productWidget-widgetCarousel-1-buy-24904-quantityForm\">\n                <input type=\"text\" name=\"quantity\" size=\"3\" id=\"frm-productWidget-widgetCarousel-1-buy-24904-quantityForm-quantity\" data-nette-rules=\"[{&quot;op&quot;:&quot;:integer&quot;,&quot;msg&quot;:&quot;Množství musí být číslo.&quot;}]\" value=\"1\" tabindex=\"-1\">\n                <input type=\"submit\" name=\"_submit\" value=\"Přidat\" class=\"product-quantity-control-submit plus\" tabindex=\"-1\">\n            <input type=\"hidden\" name=\"do\" value=\"productWidget-widgetCarousel-1-buy-24904-quantityForm-submit\" tabindex=\"-1\"><!--[if IE]><input type=IEbug disabled style=\"display:none\"><![endif]-->\n</form>\n\n        </div>\n</div>\n\n        </div>\n\n        \n    </div><div id=\"product-append-9474\" class=\"product-item slick-slide\" style=\"width: 253px;\" data-slick-index=\"38\" aria-hidden=\"true\" tabindex=\"-1\" role=\"option\" aria-describedby=\"slick-slide138\">\n        <div class=\"product-item-flags\">\n        </div>\n        <div class=\"product-item-image\">\n                <a data-href=\"/?productWidget-widgetCarousel-1-id=9474&amp;do=productWidget-widgetCarousel-1-modal\" data-target=\"productWidget-widgetCarousel-1-productModal\" onclick=\"kosikAjax.click(this)\" tabindex=\"-1\">\n                    <img src=\"https://cdn.kosik.cz/content/product/jpg/list-retina/empty.jpg\" data-src=\"https://cdn.kosik.cz/content/product/jpg/list-retina/20974.jpg\" alt=\"Faho Karlovarský knedlík 500g\" class=\"loading-images loading-image\">\n                </a>\n\n\n\n\n        </div>\n                <div class=\"product-item-info\">\n                <a data-href=\"/?productWidget-widgetCarousel-1-id=9474&amp;do=productWidget-widgetCarousel-1-modal\" class=\"product-name modal-link\" data-target=\"productWidget-widgetCarousel-1-productModal\" onclick=\"kosikAjax.click(this)\" tabindex=\"-1\">\n                    Faho Karlovarský knedlík 500g\n                </a>\n            <p class=\"product-item-price \">\n                <span class=\"price-before-discount\">\n\t\t\t\t</span>\n<strong class=\"price\">74,90 Kč</strong>\n\n            </p>\n            <p class=\"product-item-unit\">\n                    (<strong class=\"price\">149,80 Kč</strong> / kg)\n            </p>\n                        <div class=\"product-list-rating\">\n            </div>\n<div id=\"snippet-productWidget-widgetCarousel-1-buy-9474-quantity\">        <div class=\"product-quantity-control\">\n            <form action=\"/\" method=\"post\" class=\"ajax\" id=\"frm-productWidget-widgetCarousel-1-buy-9474-quantityForm\">\n                <input type=\"text\" name=\"quantity\" size=\"3\" id=\"frm-productWidget-widgetCarousel-1-buy-9474-quantityForm-quantity\" data-nette-rules=\"[{&quot;op&quot;:&quot;:integer&quot;,&quot;msg&quot;:&quot;Množství musí být číslo.&quot;}]\" value=\"1\" tabindex=\"-1\">\n                <input type=\"submit\" name=\"_submit\" value=\"Přidat\" class=\"product-quantity-control-submit plus\" tabindex=\"-1\">\n            <input type=\"hidden\" name=\"do\" value=\"productWidget-widgetCarousel-1-buy-9474-quantityForm-submit\" tabindex=\"-1\"><!--[if IE]><input type=IEbug disabled style=\"display:none\"><![endif]-->\n</form>\n\n        </div>\n</div>\n\n        </div>\n\n        \n    </div><div id=\"product-append-2649\" class=\"product-item slick-slide\" style=\"width: 253px;\" data-slick-index=\"39\" aria-hidden=\"true\" tabindex=\"-1\" role=\"option\" aria-describedby=\"slick-slide139\">\n        <div class=\"product-item-flags\">\n        </div>\n        <div class=\"product-item-image\">\n                <a data-href=\"/?productWidget-widgetCarousel-1-id=2649&amp;do=productWidget-widgetCarousel-1-modal\" data-target=\"productWidget-widgetCarousel-1-productModal\" onclick=\"kosikAjax.click(this)\" tabindex=\"-1\">\n                    <img src=\"https://cdn.kosik.cz/content/product/jpg/list-retina/empty.jpg\" data-src=\"https://cdn.kosik.cz/content/product/jpg/list-retina/2749.jpg\" alt=\"Toma Multivitamin nektar 1l\" class=\"loading-images loading-image\">\n                </a>\n\n\n\n\n        </div>\n                <div class=\"product-item-info\">\n                <a data-href=\"/?productWidget-widgetCarousel-1-id=2649&amp;do=productWidget-widgetCarousel-1-modal\" class=\"product-name modal-link\" data-target=\"productWidget-widgetCarousel-1-productModal\" onclick=\"kosikAjax.click(this)\" tabindex=\"-1\">\n                    Toma Multivitamin nektar 1l\n                </a>\n            <p class=\"product-item-price \">\n                <span class=\"price-before-discount\">\n\t\t\t\t</span>\n<strong class=\"price\">35,90 Kč</strong>\n\n            </p>\n            <p class=\"product-item-unit\">\n                    (<strong class=\"price\">35,90 Kč</strong> / l)\n            </p>\n                        <div class=\"product-list-rating\">\n            </div>\n<div id=\"snippet-productWidget-widgetCarousel-1-buy-2649-quantity\">        <div class=\"product-quantity-control\">\n            <form action=\"/\" method=\"post\" class=\"ajax\" id=\"frm-productWidget-widgetCarousel-1-buy-2649-quantityForm\">\n                <input type=\"text\" name=\"quantity\" size=\"3\" id=\"frm-productWidget-widgetCarousel-1-buy-2649-quantityForm-quantity\" data-nette-rules=\"[{&quot;op&quot;:&quot;:integer&quot;,&quot;msg&quot;:&quot;Množství musí být číslo.&quot;}]\" value=\"1\" tabindex=\"-1\">\n                <input type=\"submit\" name=\"_submit\" value=\"Přidat\" class=\"product-quantity-control-submit plus\" tabindex=\"-1\">\n            <input type=\"hidden\" name=\"do\" value=\"productWidget-widgetCarousel-1-buy-2649-quantityForm-submit\" tabindex=\"-1\"><!--[if IE]><input type=IEbug disabled style=\"display:none\"><![endif]-->\n</form>\n\n        </div>\n</div>\n\n        </div>\n\n        \n    </div><div id=\"product-append-22488\" class=\"product-item slick-slide\" style=\"width: 253px;\" data-slick-index=\"40\" aria-hidden=\"true\" tabindex=\"-1\" role=\"option\" aria-describedby=\"slick-slide140\">\n        <div class=\"product-item-flags\">\n        </div>\n        <div class=\"product-item-image\">\n                <a data-href=\"/?productWidget-widgetCarousel-1-id=22488&amp;do=productWidget-widgetCarousel-1-modal\" data-target=\"productWidget-widgetCarousel-1-productModal\" onclick=\"kosikAjax.click(this)\" tabindex=\"-1\">\n                    <img src=\"https://cdn.kosik.cz/content/product/jpg/list-retina/empty.jpg\" data-src=\"https://cdn.kosik.cz/content/product/jpg/list-retina/39737.jpg\" alt=\"Párky debrecínské (cca 250g)\" class=\"loading-images loading-image\">\n                </a>\n\n\n\n\n        </div>\n                <div class=\"product-item-info\">\n                <a data-href=\"/?productWidget-widgetCarousel-1-id=22488&amp;do=productWidget-widgetCarousel-1-modal\" class=\"product-name modal-link\" data-target=\"productWidget-widgetCarousel-1-productModal\" onclick=\"kosikAjax.click(this)\" tabindex=\"-1\">\n                    Párky debrecínské (cca 250g)\n                </a>\n            <p class=\"product-item-price \">\n                <span class=\"price-before-discount\">\n\t\t\t\t</span>\n                <small class=\"circa-prefix\">cca </small><strong class=\"price\">54,90 Kč</strong>\n\n            </p>\n            <p class=\"product-item-unit\">\n                    (<strong class=\"price\">219,60 Kč</strong> / kg)\n            </p>\n                        <div class=\"product-list-rating\">\n                <span><ul class=\"rating\"><li class=\"rating-children rating-1 up\" data-rating=\"1\"><i class=\"fa fa-star\"></i></li><li class=\"rating-children rating-2 up\" data-rating=\"2\"><i class=\"fa fa-star\"></i></li><li class=\"rating-children rating-3 up\" data-rating=\"3\"><i class=\"fa fa-star\"></i></li><li class=\"rating-children rating-4 up\" data-rating=\"4\"><i class=\"fa fa-star\"></i></li><li class=\"rating-children rating-5 up\" data-rating=\"5\"><i class=\"fa fa-star\"></i></li></ul></span>\n            </div>\n<div id=\"snippet-productWidget-widgetCarousel-1-buy-22488-quantity\">        <div class=\"product-quantity-control\">\n            <form action=\"/\" method=\"post\" class=\"ajax\" id=\"frm-productWidget-widgetCarousel-1-buy-22488-quantityForm\">\n                <input type=\"text\" name=\"quantity\" size=\"3\" id=\"frm-productWidget-widgetCarousel-1-buy-22488-quantityForm-quantity\" data-nette-rules=\"[{&quot;op&quot;:&quot;:integer&quot;,&quot;msg&quot;:&quot;Množství musí být číslo.&quot;}]\" value=\"1\" tabindex=\"-1\">\n                <input type=\"submit\" name=\"_submit\" value=\"Přidat\" class=\"product-quantity-control-submit plus\" tabindex=\"-1\">\n            <input type=\"hidden\" name=\"do\" value=\"productWidget-widgetCarousel-1-buy-22488-quantityForm-submit\" tabindex=\"-1\"><!--[if IE]><input type=IEbug disabled style=\"display:none\"><![endif]-->\n</form>\n\n        </div>\n</div>\n\n        </div>\n\n        \n    </div><div id=\"product-append-14211\" class=\"product-item slick-slide\" style=\"width: 253px;\" data-slick-index=\"41\" aria-hidden=\"true\" tabindex=\"-1\" role=\"option\" aria-describedby=\"slick-slide141\">\n        <div class=\"product-item-flags\">\n        </div>\n        <div class=\"product-item-image\">\n                <a data-href=\"/?productWidget-widgetCarousel-1-id=14211&amp;do=productWidget-widgetCarousel-1-modal\" data-target=\"productWidget-widgetCarousel-1-productModal\" onclick=\"kosikAjax.click(this)\" tabindex=\"-1\">\n                    <img src=\"https://cdn.kosik.cz/content/product/jpg/list-retina/empty.jpg\" data-src=\"https://cdn.kosik.cz/content/product/jpg/list-retina/31464.jpg\" alt=\"Vepy kukuřičné placky bez lepku a cukru 100g\" class=\"loading-images loading-image\">\n                </a>\n\n\n\n\n        </div>\n                <div class=\"product-item-info\">\n                <a data-href=\"/?productWidget-widgetCarousel-1-id=14211&amp;do=productWidget-widgetCarousel-1-modal\" class=\"product-name modal-link\" data-target=\"productWidget-widgetCarousel-1-productModal\" onclick=\"kosikAjax.click(this)\" tabindex=\"-1\">\n                    Vepy kukuřičné placky bez lepku a cukru 100g\n                </a>\n            <p class=\"product-item-price \">\n                <span class=\"price-before-discount\">\n\t\t\t\t</span>\n<strong class=\"price\">29,90 Kč</strong>\n\n            </p>\n            <p class=\"product-item-unit\">\n                    (<strong class=\"price\">299,00 Kč</strong> / kg)\n            </p>\n                        <div class=\"product-list-rating\">\n            </div>\n<div id=\"snippet-productWidget-widgetCarousel-1-buy-14211-quantity\">        <div class=\"product-quantity-control\">\n            <form action=\"/\" method=\"post\" class=\"ajax\" id=\"frm-productWidget-widgetCarousel-1-buy-14211-quantityForm\">\n                <input type=\"text\" name=\"quantity\" size=\"3\" id=\"frm-productWidget-widgetCarousel-1-buy-14211-quantityForm-quantity\" data-nette-rules=\"[{&quot;op&quot;:&quot;:integer&quot;,&quot;msg&quot;:&quot;Množství musí být číslo.&quot;}]\" value=\"1\" tabindex=\"-1\">\n                <input type=\"submit\" name=\"_submit\" value=\"Přidat\" class=\"product-quantity-control-submit plus\" tabindex=\"-1\">\n            <input type=\"hidden\" name=\"do\" value=\"productWidget-widgetCarousel-1-buy-14211-quantityForm-submit\" tabindex=\"-1\"><!--[if IE]><input type=IEbug disabled style=\"display:none\"><![endif]-->\n</form>\n\n        </div>\n</div>\n\n        </div>\n\n        \n    </div><div id=\"product-append-24322\" class=\"product-item slick-slide\" style=\"width: 253px;\" data-slick-index=\"42\" aria-hidden=\"true\" tabindex=\"-1\" role=\"option\" aria-describedby=\"slick-slide142\">\n        <div class=\"product-item-flags\">\n        </div>\n        <div class=\"product-item-image\">\n                <a data-href=\"/?productWidget-widgetCarousel-1-id=24322&amp;do=productWidget-widgetCarousel-1-modal\" data-target=\"productWidget-widgetCarousel-1-productModal\" onclick=\"kosikAjax.click(this)\" tabindex=\"-1\">\n                    <img src=\"https://cdn.kosik.cz/content/product/jpg/list-retina/empty.jpg\" data-src=\"https://cdn.kosik.cz/content/product/jpg/list-retina/41567.jpg\" alt=\"Lindt Excellence sea salt 100g\" class=\"loading-images loading-image\">\n                </a>\n\n\n\n\n        </div>\n                <div class=\"product-item-info\">\n                <a data-href=\"/?productWidget-widgetCarousel-1-id=24322&amp;do=productWidget-widgetCarousel-1-modal\" class=\"product-name modal-link\" data-target=\"productWidget-widgetCarousel-1-productModal\" onclick=\"kosikAjax.click(this)\" tabindex=\"-1\">\n                    Lindt Excellence sea salt 100g\n                </a>\n            <p class=\"product-item-price \">\n                <span class=\"price-before-discount\">\n\t\t\t\t</span>\n<strong class=\"price\">74,90 Kč</strong>\n\n            </p>\n            <p class=\"product-item-unit\">\n                    (<strong class=\"price\">749,00 Kč</strong> / kg)\n            </p>\n                        <div class=\"product-list-rating\">\n            </div>\n<div id=\"snippet-productWidget-widgetCarousel-1-buy-24322-quantity\">        <div class=\"product-quantity-control\">\n            <form action=\"/\" method=\"post\" class=\"ajax\" id=\"frm-productWidget-widgetCarousel-1-buy-24322-quantityForm\">\n                <input type=\"text\" name=\"quantity\" size=\"3\" id=\"frm-productWidget-widgetCarousel-1-buy-24322-quantityForm-quantity\" data-nette-rules=\"[{&quot;op&quot;:&quot;:integer&quot;,&quot;msg&quot;:&quot;Množství musí být číslo.&quot;}]\" value=\"1\" tabindex=\"-1\">\n                <input type=\"submit\" name=\"_submit\" value=\"Přidat\" class=\"product-quantity-control-submit plus\" tabindex=\"-1\">\n            <input type=\"hidden\" name=\"do\" value=\"productWidget-widgetCarousel-1-buy-24322-quantityForm-submit\" tabindex=\"-1\"><!--[if IE]><input type=IEbug disabled style=\"display:none\"><![endif]-->\n</form>\n\n        </div>\n</div>\n\n        </div>\n\n        \n    </div><div id=\"product-append-28057\" class=\"product-item slick-slide\" style=\"width: 253px;\" data-slick-index=\"43\" aria-hidden=\"true\" tabindex=\"-1\" role=\"option\" aria-describedby=\"slick-slide143\">\n        <div class=\"product-item-flags\">\n        </div>\n        <div class=\"product-item-image\">\n                <a data-href=\"/?productWidget-widgetCarousel-1-id=28057&amp;do=productWidget-widgetCarousel-1-modal\" data-target=\"productWidget-widgetCarousel-1-productModal\" onclick=\"kosikAjax.click(this)\" tabindex=\"-1\">\n                    <img src=\"https://cdn.kosik.cz/content/product/jpg/list-retina/empty.jpg\" data-src=\"https://cdn.kosik.cz/content/product/jpg/list-retina/45386.jpg\" alt=\"Biofarma DoRa Kozí žervé 180g\" class=\"loading-images loading-image\">\n                </a>\n\n\n\n\n        </div>\n                <div class=\"product-item-info\">\n                <a data-href=\"/?productWidget-widgetCarousel-1-id=28057&amp;do=productWidget-widgetCarousel-1-modal\" class=\"product-name modal-link\" data-target=\"productWidget-widgetCarousel-1-productModal\" onclick=\"kosikAjax.click(this)\" tabindex=\"-1\">\n                    Biofarma DoRa Kozí žervé 180g\n                </a>\n            <p class=\"product-item-price \">\n                <span class=\"price-before-discount\">\n\t\t\t\t</span>\n<strong class=\"price\">49,90 Kč</strong>\n\n            </p>\n            <p class=\"product-item-unit\">\n                    (<strong class=\"price\">277,20 Kč</strong> / kg)\n            </p>\n                        <div class=\"product-list-rating\">\n            </div>\n<div id=\"snippet-productWidget-widgetCarousel-1-buy-28057-quantity\">        <div class=\"product-quantity-control\">\n            <form action=\"/\" method=\"post\" class=\"ajax\" id=\"frm-productWidget-widgetCarousel-1-buy-28057-quantityForm\">\n                <input type=\"text\" name=\"quantity\" size=\"3\" id=\"frm-productWidget-widgetCarousel-1-buy-28057-quantityForm-quantity\" data-nette-rules=\"[{&quot;op&quot;:&quot;:integer&quot;,&quot;msg&quot;:&quot;Množství musí být číslo.&quot;}]\" value=\"1\" tabindex=\"-1\">\n                <input type=\"submit\" name=\"_submit\" value=\"Přidat\" class=\"product-quantity-control-submit plus\" tabindex=\"-1\">\n            <input type=\"hidden\" name=\"do\" value=\"productWidget-widgetCarousel-1-buy-28057-quantityForm-submit\" tabindex=\"-1\"><!--[if IE]><input type=IEbug disabled style=\"display:none\"><![endif]-->\n</form>\n\n        </div>\n</div>\n\n        </div>\n\n        \n    </div><div id=\"product-append-13125\" class=\"product-item slick-slide\" style=\"width: 253px;\" data-slick-index=\"44\" aria-hidden=\"true\" tabindex=\"-1\" role=\"option\" aria-describedby=\"slick-slide144\">\n        <div class=\"product-item-flags\">\n        </div>\n        <div class=\"product-item-image\">\n                <a data-href=\"/?productWidget-widgetCarousel-1-id=13125&amp;do=productWidget-widgetCarousel-1-modal\" data-target=\"productWidget-widgetCarousel-1-productModal\" onclick=\"kosikAjax.click(this)\" tabindex=\"-1\">\n                    <img src=\"https://cdn.kosik.cz/content/product/jpg/list-retina/empty.jpg\" data-src=\"https://cdn.kosik.cz/content/product/jpg/list-retina/30472.jpg\" alt=\"Jumex ovocný nápoj Jahoda 0,5l\" class=\"loading-images loading-image\">\n                </a>\n\n\n\n\n        </div>\n                <div class=\"product-item-info\">\n                <a data-href=\"/?productWidget-widgetCarousel-1-id=13125&amp;do=productWidget-widgetCarousel-1-modal\" class=\"product-name modal-link\" data-target=\"productWidget-widgetCarousel-1-productModal\" onclick=\"kosikAjax.click(this)\" tabindex=\"-1\">\n                    Jumex ovocný nápoj Jahoda 0,5l\n                </a>\n            <p class=\"product-item-price \">\n                <span class=\"price-before-discount\">\n\t\t\t\t</span>\n<strong class=\"price\">34,90 Kč</strong>\n\n            </p>\n            <p class=\"product-item-unit\">\n                    (<strong class=\"price\">69,80 Kč</strong> / l)\n            </p>\n                        <div class=\"product-list-rating\">\n            </div>\n<div id=\"snippet-productWidget-widgetCarousel-1-buy-13125-quantity\">        <div class=\"product-quantity-control\">\n            <form action=\"/\" method=\"post\" class=\"ajax\" id=\"frm-productWidget-widgetCarousel-1-buy-13125-quantityForm\">\n                <input type=\"text\" name=\"quantity\" size=\"3\" id=\"frm-productWidget-widgetCarousel-1-buy-13125-quantityForm-quantity\" data-nette-rules=\"[{&quot;op&quot;:&quot;:integer&quot;,&quot;msg&quot;:&quot;Množství musí být číslo.&quot;}]\" value=\"1\" tabindex=\"-1\">\n                <input type=\"submit\" name=\"_submit\" value=\"Přidat\" class=\"product-quantity-control-submit plus\" tabindex=\"-1\">\n            <input type=\"hidden\" name=\"do\" value=\"productWidget-widgetCarousel-1-buy-13125-quantityForm-submit\" tabindex=\"-1\"><!--[if IE]><input type=IEbug disabled style=\"display:none\"><![endif]-->\n</form>\n\n        </div>\n</div>\n\n        </div>\n\n        \n    </div><div id=\"product-append-28673\" class=\"product-item slick-slide\" style=\"width: 253px;\" data-slick-index=\"45\" aria-hidden=\"true\" tabindex=\"-1\" role=\"option\" aria-describedby=\"slick-slide145\">\n        <div class=\"product-item-flags\">\n        </div>\n        <div class=\"product-item-image\">\n                <a data-href=\"/?productWidget-widgetCarousel-1-id=28673&amp;do=productWidget-widgetCarousel-1-modal\" data-target=\"productWidget-widgetCarousel-1-productModal\" onclick=\"kosikAjax.click(this)\" tabindex=\"-1\">\n                    <img src=\"https://cdn.kosik.cz/content/product/jpg/list-retina/empty.jpg\" data-src=\"https://cdn.kosik.cz/content/product/jpg/list-retina/46018.jpg\" alt=\"Cleanex Trade Alobal 10m x 29cm ve fólii\" class=\"loading-images loading-image\">\n                </a>\n\n\n\n\n        </div>\n                <div class=\"product-item-info\">\n                <a data-href=\"/?productWidget-widgetCarousel-1-id=28673&amp;do=productWidget-widgetCarousel-1-modal\" class=\"product-name modal-link\" data-target=\"productWidget-widgetCarousel-1-productModal\" onclick=\"kosikAjax.click(this)\" tabindex=\"-1\">\n                    Cleanex Trade Alobal 10m x 29cm ve fólii\n                </a>\n            <p class=\"product-item-price \">\n                <span class=\"price-before-discount\">\n\t\t\t\t</span>\n<strong class=\"price\">29,90 Kč</strong>\n\n            </p>\n            <p class=\"product-item-unit\">\n                    (<strong class=\"price\">29,90 Kč</strong> / ks)\n            </p>\n                        <div class=\"product-list-rating\">\n            </div>\n<div id=\"snippet-productWidget-widgetCarousel-1-buy-28673-quantity\">        <div class=\"product-quantity-control\">\n            <form action=\"/\" method=\"post\" class=\"ajax\" id=\"frm-productWidget-widgetCarousel-1-buy-28673-quantityForm\">\n                <input type=\"text\" name=\"quantity\" size=\"3\" id=\"frm-productWidget-widgetCarousel-1-buy-28673-quantityForm-quantity\" data-nette-rules=\"[{&quot;op&quot;:&quot;:integer&quot;,&quot;msg&quot;:&quot;Množství musí být číslo.&quot;}]\" value=\"1\" tabindex=\"-1\">\n                <input type=\"submit\" name=\"_submit\" value=\"Přidat\" class=\"product-quantity-control-submit plus\" tabindex=\"-1\">\n            <input type=\"hidden\" name=\"do\" value=\"productWidget-widgetCarousel-1-buy-28673-quantityForm-submit\" tabindex=\"-1\"><!--[if IE]><input type=IEbug disabled style=\"display:none\"><![endif]-->\n</form>\n\n        </div>\n</div>\n\n        </div>\n\n        \n    </div><div id=\"product-append-27424\" class=\"product-item slick-slide\" style=\"width: 253px;\" data-slick-index=\"46\" aria-hidden=\"true\" tabindex=\"-1\" role=\"option\" aria-describedby=\"slick-slide146\">\n        <div class=\"product-item-flags\">\n        </div>\n        <div class=\"product-item-image\">\n                <a data-href=\"/?productWidget-widgetCarousel-1-id=27424&amp;do=productWidget-widgetCarousel-1-modal\" data-target=\"productWidget-widgetCarousel-1-productModal\" onclick=\"kosikAjax.click(this)\" tabindex=\"-1\">\n                    <img src=\"https://cdn.kosik.cz/content/product/jpg/list-retina/empty.jpg\" data-src=\"https://cdn.kosik.cz/content/product/jpg/list-retina/44702.jpg\" alt=\"Viko Zeleninová šťáva 100%  750ml\" class=\"loading-images loading-image\">\n                </a>\n\n\n\n\n        </div>\n                <div class=\"product-item-info\">\n                <a data-href=\"/?productWidget-widgetCarousel-1-id=27424&amp;do=productWidget-widgetCarousel-1-modal\" class=\"product-name modal-link\" data-target=\"productWidget-widgetCarousel-1-productModal\" onclick=\"kosikAjax.click(this)\" tabindex=\"-1\">\n                    Viko Zeleninová šťáva 100%  750ml\n                </a>\n            <p class=\"product-item-price \">\n                <span class=\"price-before-discount\">\n\t\t\t\t</span>\n<strong class=\"price\">39,90 Kč</strong>\n\n            </p>\n            <p class=\"product-item-unit\">\n                    (<strong class=\"price\">53,20 Kč</strong> / l)\n            </p>\n                        <div class=\"product-list-rating\">\n            </div>\n<div id=\"snippet-productWidget-widgetCarousel-1-buy-27424-quantity\">        <div class=\"product-quantity-control\">\n            <form action=\"/\" method=\"post\" class=\"ajax\" id=\"frm-productWidget-widgetCarousel-1-buy-27424-quantityForm\">\n                <input type=\"text\" name=\"quantity\" size=\"3\" id=\"frm-productWidget-widgetCarousel-1-buy-27424-quantityForm-quantity\" data-nette-rules=\"[{&quot;op&quot;:&quot;:integer&quot;,&quot;msg&quot;:&quot;Množství musí být číslo.&quot;}]\" value=\"1\" tabindex=\"-1\">\n                <input type=\"submit\" name=\"_submit\" value=\"Přidat\" class=\"product-quantity-control-submit plus\" tabindex=\"-1\">\n            <input type=\"hidden\" name=\"do\" value=\"productWidget-widgetCarousel-1-buy-27424-quantityForm-submit\" tabindex=\"-1\"><!--[if IE]><input type=IEbug disabled style=\"display:none\"><![endif]-->\n</form>\n\n        </div>\n</div>\n\n        </div>\n\n        \n    </div><div id=\"product-append-26940\" class=\"product-item slick-slide\" style=\"width: 253px;\" data-slick-index=\"47\" aria-hidden=\"true\" tabindex=\"-1\" role=\"option\" aria-describedby=\"slick-slide147\">\n        <div class=\"product-item-flags\">\n        </div>\n        <div class=\"product-item-image\">\n                <a data-href=\"/?productWidget-widgetCarousel-1-id=26940&amp;do=productWidget-widgetCarousel-1-modal\" data-target=\"productWidget-widgetCarousel-1-productModal\" onclick=\"kosikAjax.click(this)\" tabindex=\"-1\">\n                    <img src=\"https://cdn.kosik.cz/content/product/jpg/list-retina/empty.jpg\" data-src=\"https://cdn.kosik.cz/content/product/jpg/list-retina/44164.jpg\" alt=\"Kitl syrob višňový 500ml\" class=\"loading-images loading-image\">\n                </a>\n\n\n\n\n        </div>\n                <div class=\"product-item-info\">\n                <a data-href=\"/?productWidget-widgetCarousel-1-id=26940&amp;do=productWidget-widgetCarousel-1-modal\" class=\"product-name modal-link\" data-target=\"productWidget-widgetCarousel-1-productModal\" onclick=\"kosikAjax.click(this)\" tabindex=\"-1\">\n                    Kitl syrob višňový 500ml\n                </a>\n            <p class=\"product-item-price \">\n                <span class=\"price-before-discount\">\n\t\t\t\t</span>\n<strong class=\"price\">119,00 Kč</strong>\n\n            </p>\n            <p class=\"product-item-unit\">\n                    (<strong class=\"price\">238,00 Kč</strong> / l)\n            </p>\n                        <div class=\"product-list-rating\">\n            </div>\n<div id=\"snippet-productWidget-widgetCarousel-1-buy-26940-quantity\">        <div class=\"product-quantity-control\">\n            <form action=\"/\" method=\"post\" class=\"ajax\" id=\"frm-productWidget-widgetCarousel-1-buy-26940-quantityForm\">\n                <input type=\"text\" name=\"quantity\" size=\"3\" id=\"frm-productWidget-widgetCarousel-1-buy-26940-quantityForm-quantity\" data-nette-rules=\"[{&quot;op&quot;:&quot;:integer&quot;,&quot;msg&quot;:&quot;Množství musí být číslo.&quot;}]\" value=\"1\" tabindex=\"-1\">\n                <input type=\"submit\" name=\"_submit\" value=\"Přidat\" class=\"product-quantity-control-submit plus\" tabindex=\"-1\">\n            <input type=\"hidden\" name=\"do\" value=\"productWidget-widgetCarousel-1-buy-26940-quantityForm-submit\" tabindex=\"-1\"><!--[if IE]><input type=IEbug disabled style=\"display:none\"><![endif]-->\n</form>\n\n        </div>\n</div>\n\n        </div>\n\n        \n    </div><div id=\"product-append-29812\" class=\"product-item slick-slide\" style=\"width: 253px;\" data-slick-index=\"48\" aria-hidden=\"true\" tabindex=\"-1\" role=\"option\" aria-describedby=\"slick-slide148\">\n        <div class=\"product-item-flags\">\n        </div>\n        <div class=\"product-item-image\">\n                <a data-href=\"/?productWidget-widgetCarousel-1-id=29812&amp;do=productWidget-widgetCarousel-1-modal\" data-target=\"productWidget-widgetCarousel-1-productModal\" onclick=\"kosikAjax.click(this)\" tabindex=\"-1\">\n                    <img src=\"https://cdn.kosik.cz/content/product/jpg/list-retina/empty.jpg\" data-src=\"https://cdn.kosik.cz/content/product/jpg/list-retina/47201.jpg\" alt=\"Můj dortík Medová roláda 1100g\" class=\"loading-images loading-image\">\n                </a>\n\n\n\n\n        </div>\n                <div class=\"product-item-info\">\n                <a data-href=\"/?productWidget-widgetCarousel-1-id=29812&amp;do=productWidget-widgetCarousel-1-modal\" class=\"product-name modal-link\" data-target=\"productWidget-widgetCarousel-1-productModal\" onclick=\"kosikAjax.click(this)\" tabindex=\"-1\">\n                    Můj dortík Medová roláda 1100g<br><span class=\"new-product\">Novinka</span>\n                </a>\n            <p class=\"product-item-price \">\n                <span class=\"price-before-discount\">\n\t\t\t\t</span>\n<strong class=\"price\">219,90 Kč</strong>\n\n            </p>\n            <p class=\"product-item-unit\">\n                    (<strong class=\"price\">199,90 Kč</strong> / kg)\n            </p>\n                        <div class=\"product-list-rating\">\n            </div>\n<div id=\"snippet-productWidget-widgetCarousel-1-buy-29812-quantity\">        <div class=\"product-quantity-control\">\n            <form action=\"/\" method=\"post\" class=\"ajax\" id=\"frm-productWidget-widgetCarousel-1-buy-29812-quantityForm\">\n                <input type=\"text\" name=\"quantity\" size=\"3\" id=\"frm-productWidget-widgetCarousel-1-buy-29812-quantityForm-quantity\" data-nette-rules=\"[{&quot;op&quot;:&quot;:integer&quot;,&quot;msg&quot;:&quot;Množství musí být číslo.&quot;}]\" value=\"1\" tabindex=\"-1\">\n                <input type=\"submit\" name=\"_submit\" value=\"Přidat\" class=\"product-quantity-control-submit plus\" tabindex=\"-1\">\n            <input type=\"hidden\" name=\"do\" value=\"productWidget-widgetCarousel-1-buy-29812-quantityForm-submit\" tabindex=\"-1\"><!--[if IE]><input type=IEbug disabled style=\"display:none\"><![endif]-->\n</form>\n\n        </div>\n</div>\n\n        </div>\n\n        \n    </div><div id=\"product-append-29811\" class=\"product-item slick-slide\" style=\"width: 253px;\" data-slick-index=\"49\" aria-hidden=\"true\" tabindex=\"-1\" role=\"option\" aria-describedby=\"slick-slide149\">\n        <div class=\"product-item-flags\">\n        </div>\n        <div class=\"product-item-image\">\n                <a data-href=\"/?productWidget-widgetCarousel-1-id=29811&amp;do=productWidget-widgetCarousel-1-modal\" data-target=\"productWidget-widgetCarousel-1-productModal\" onclick=\"kosikAjax.click(this)\" tabindex=\"-1\">\n                    <img src=\"https://cdn.kosik.cz/content/product/jpg/list-retina/empty.jpg\" data-src=\"https://cdn.kosik.cz/content/product/jpg/list-retina/47200.jpg\" alt=\"Můj dortík Dort s pistáciovou příchutí 670g\" class=\"loading-images loading-image\">\n                </a>\n\n\n\n\n        </div>\n                <div class=\"product-item-info\">\n                <a data-href=\"/?productWidget-widgetCarousel-1-id=29811&amp;do=productWidget-widgetCarousel-1-modal\" class=\"product-name modal-link\" data-target=\"productWidget-widgetCarousel-1-productModal\" onclick=\"kosikAjax.click(this)\" tabindex=\"-1\">\n                    Můj dortík Dort s pistáciovou příchutí 670g<br><span class=\"new-product\">Novinka</span>\n                </a>\n            <p class=\"product-item-price \">\n                <span class=\"price-before-discount\">\n\t\t\t\t</span>\n<strong class=\"price\">149,90 Kč</strong>\n\n            </p>\n            <p class=\"product-item-unit\">\n                    (<strong class=\"price\">223,70 Kč</strong> / kg)\n            </p>\n                        <div class=\"product-list-rating\">\n            </div>\n<div id=\"snippet-productWidget-widgetCarousel-1-buy-29811-quantity\">        <div class=\"product-quantity-control\">\n            <form action=\"/\" method=\"post\" class=\"ajax\" id=\"frm-productWidget-widgetCarousel-1-buy-29811-quantityForm\">\n                <input type=\"text\" name=\"quantity\" size=\"3\" id=\"frm-productWidget-widgetCarousel-1-buy-29811-quantityForm-quantity\" data-nette-rules=\"[{&quot;op&quot;:&quot;:integer&quot;,&quot;msg&quot;:&quot;Množství musí být číslo.&quot;}]\" value=\"1\" tabindex=\"-1\">\n                <input type=\"submit\" name=\"_submit\" value=\"Přidat\" class=\"product-quantity-control-submit plus\" tabindex=\"-1\">\n            <input type=\"hidden\" name=\"do\" value=\"productWidget-widgetCarousel-1-buy-29811-quantityForm-submit\" tabindex=\"-1\"><!--[if IE]><input type=IEbug disabled style=\"display:none\"><![endif]-->\n</form>\n\n        </div>\n</div>\n\n        </div>\n\n        \n    </div><div id=\"product-append-14766\" class=\"product-item slick-slide\" style=\"width: 253px;\" data-slick-index=\"50\" aria-hidden=\"true\" tabindex=\"-1\" role=\"option\" aria-describedby=\"slick-slide150\">\n        <div class=\"product-item-flags\">\n        </div>\n        <div class=\"product-item-image\">\n                <a data-href=\"/?productWidget-widgetCarousel-1-id=14766&amp;do=productWidget-widgetCarousel-1-modal\" data-target=\"productWidget-widgetCarousel-1-productModal\" onclick=\"kosikAjax.click(this)\" tabindex=\"-1\">\n                    <img src=\"https://cdn.kosik.cz/content/product/jpg/list-retina/empty.jpg\" data-src=\"https://cdn.kosik.cz/content/product/jpg/list-retina/32035.jpg\" alt=\"Pekárna Kabát Rohlík kroucený 50g\" class=\"loading-images loading-image\">\n                </a>\n\n\n\n\n        </div>\n                <div class=\"product-item-info\">\n                <a data-href=\"/?productWidget-widgetCarousel-1-id=14766&amp;do=productWidget-widgetCarousel-1-modal\" class=\"product-name modal-link\" data-target=\"productWidget-widgetCarousel-1-productModal\" onclick=\"kosikAjax.click(this)\" tabindex=\"-1\">\n                    Pekárna Kabát Rohlík kroucený 50g\n                </a>\n            <p class=\"product-item-price \">\n                <span class=\"price-before-discount\">\n\t\t\t\t</span>\n<strong class=\"price\">6,50 Kč</strong>\n\n            </p>\n            <p class=\"product-item-unit\">\n                    (<strong class=\"price\">130,00 Kč</strong> / kg)\n            </p>\n                        <div class=\"product-list-rating\">\n                <span><ul class=\"rating\"><li class=\"rating-children rating-1 up\" data-rating=\"1\"><i class=\"fa fa-star\"></i></li><li class=\"rating-children rating-2 up\" data-rating=\"2\"><i class=\"fa fa-star\"></i></li><li class=\"rating-children rating-3 up\" data-rating=\"3\"><i class=\"fa fa-star\"></i></li><li class=\"rating-children rating-4 up\" data-rating=\"4\"><i class=\"fa fa-star\"></i></li><li class=\"rating-children rating-5 up\" data-rating=\"5\"><i class=\"fa fa-star\"></i></li></ul></span>\n            </div>\n<div id=\"snippet-productWidget-widgetCarousel-1-buy-14766-quantity\">        <div class=\"product-quantity-control\">\n            <form action=\"/\" method=\"post\" class=\"ajax\" id=\"frm-productWidget-widgetCarousel-1-buy-14766-quantityForm\">\n                <input type=\"text\" name=\"quantity\" size=\"3\" id=\"frm-productWidget-widgetCarousel-1-buy-14766-quantityForm-quantity\" data-nette-rules=\"[{&quot;op&quot;:&quot;:integer&quot;,&quot;msg&quot;:&quot;Množství musí být číslo.&quot;}]\" value=\"1\" tabindex=\"-1\">\n                <input type=\"submit\" name=\"_submit\" value=\"Přidat\" class=\"product-quantity-control-submit plus\" tabindex=\"-1\">\n            <input type=\"hidden\" name=\"do\" value=\"productWidget-widgetCarousel-1-buy-14766-quantityForm-submit\" tabindex=\"-1\"><!--[if IE]><input type=IEbug disabled style=\"display:none\"><![endif]-->\n</form>\n\n        </div>\n</div>\n\n        </div>\n\n        \n    </div><div id=\"product-append-29810\" class=\"product-item slick-slide\" style=\"width: 253px;\" data-slick-index=\"51\" aria-hidden=\"true\" tabindex=\"-1\" role=\"option\" aria-describedby=\"slick-slide151\">\n        <div class=\"product-item-flags\">\n        </div>\n        <div class=\"product-item-image\">\n                <a data-href=\"/?productWidget-widgetCarousel-1-id=29810&amp;do=productWidget-widgetCarousel-1-modal\" data-target=\"productWidget-widgetCarousel-1-productModal\" onclick=\"kosikAjax.click(this)\" tabindex=\"-1\">\n                    <img src=\"https://cdn.kosik.cz/content/product/jpg/list-retina/empty.jpg\" data-src=\"https://cdn.kosik.cz/content/product/jpg/list-retina/47199.jpg\" alt=\"Můj dortík Zebra 670g\" class=\"loading-images loading-image\">\n                </a>\n\n\n\n\n        </div>\n                <div class=\"product-item-info\">\n                <a data-href=\"/?productWidget-widgetCarousel-1-id=29810&amp;do=productWidget-widgetCarousel-1-modal\" class=\"product-name modal-link\" data-target=\"productWidget-widgetCarousel-1-productModal\" onclick=\"kosikAjax.click(this)\" tabindex=\"-1\">\n                    Můj dortík Zebra 670g<br><span class=\"new-product\">Novinka</span>\n                </a>\n            <p class=\"product-item-price \">\n                <span class=\"price-before-discount\">\n\t\t\t\t</span>\n<strong class=\"price\">149,90 Kč</strong>\n\n            </p>\n            <p class=\"product-item-unit\">\n                    (<strong class=\"price\">223,70 Kč</strong> / kg)\n            </p>\n                        <div class=\"product-list-rating\">\n            </div>\n<div id=\"snippet-productWidget-widgetCarousel-1-buy-29810-quantity\">        <div class=\"product-quantity-control\">\n            <form action=\"/\" method=\"post\" class=\"ajax\" id=\"frm-productWidget-widgetCarousel-1-buy-29810-quantityForm\">\n                <input type=\"text\" name=\"quantity\" size=\"3\" id=\"frm-productWidget-widgetCarousel-1-buy-29810-quantityForm-quantity\" data-nette-rules=\"[{&quot;op&quot;:&quot;:integer&quot;,&quot;msg&quot;:&quot;Množství musí být číslo.&quot;}]\" value=\"1\" tabindex=\"-1\">\n                <input type=\"submit\" name=\"_submit\" value=\"Přidat\" class=\"product-quantity-control-submit plus\" tabindex=\"-1\">\n            <input type=\"hidden\" name=\"do\" value=\"productWidget-widgetCarousel-1-buy-29810-quantityForm-submit\" tabindex=\"-1\"><!--[if IE]><input type=IEbug disabled style=\"display:none\"><![endif]-->\n</form>\n\n        </div>\n</div>\n\n        </div>\n\n        \n    </div><div id=\"product-append-14184\" class=\"product-item slick-slide\" style=\"width: 253px;\" data-slick-index=\"52\" aria-hidden=\"true\" tabindex=\"-1\" role=\"option\" aria-describedby=\"slick-slide152\">\n        <div class=\"product-item-flags\">\n        </div>\n        <div class=\"product-item-image\">\n                <a data-href=\"/?productWidget-widgetCarousel-1-id=14184&amp;do=productWidget-widgetCarousel-1-modal\" data-target=\"productWidget-widgetCarousel-1-productModal\" onclick=\"kosikAjax.click(this)\" tabindex=\"-1\">\n                    <img src=\"https://cdn.kosik.cz/content/product/jpg/list-retina/empty.jpg\" data-src=\"https://cdn.kosik.cz/content/product/jpg/list-retina/31437.jpg\" alt=\"MaxSport Veggie Protein pizza 36g\" class=\"loading-images loading-image\">\n                </a>\n\n\n\n\n        </div>\n                <div class=\"product-item-info\">\n                <a data-href=\"/?productWidget-widgetCarousel-1-id=14184&amp;do=productWidget-widgetCarousel-1-modal\" class=\"product-name modal-link\" data-target=\"productWidget-widgetCarousel-1-productModal\" onclick=\"kosikAjax.click(this)\" tabindex=\"-1\">\n                    MaxSport Veggie Protein pizza 36g\n                </a>\n            <p class=\"product-item-price \">\n                <span class=\"price-before-discount\">\n\t\t\t\t</span>\n<strong class=\"price\">33,90 Kč</strong>\n\n            </p>\n            <p class=\"product-item-unit\">\n                    (<strong class=\"price\">941,70 Kč</strong> / kg)\n            </p>\n                        <div class=\"product-list-rating\">\n            </div>\n<div id=\"snippet-productWidget-widgetCarousel-1-buy-14184-quantity\">        <div class=\"product-quantity-control\">\n            <form action=\"/\" method=\"post\" class=\"ajax\" id=\"frm-productWidget-widgetCarousel-1-buy-14184-quantityForm\">\n                <input type=\"text\" name=\"quantity\" size=\"3\" id=\"frm-productWidget-widgetCarousel-1-buy-14184-quantityForm-quantity\" data-nette-rules=\"[{&quot;op&quot;:&quot;:integer&quot;,&quot;msg&quot;:&quot;Množství musí být číslo.&quot;}]\" value=\"1\" tabindex=\"-1\">\n                <input type=\"submit\" name=\"_submit\" value=\"Přidat\" class=\"product-quantity-control-submit plus\" tabindex=\"-1\">\n            <input type=\"hidden\" name=\"do\" value=\"productWidget-widgetCarousel-1-buy-14184-quantityForm-submit\" tabindex=\"-1\"><!--[if IE]><input type=IEbug disabled style=\"display:none\"><![endif]-->\n</form>\n\n        </div>\n</div>\n\n        </div>\n\n        \n    </div><div id=\"product-append-15615\" class=\"product-item slick-slide\" style=\"width: 253px;\" data-slick-index=\"53\" aria-hidden=\"true\" tabindex=\"-1\" role=\"option\" aria-describedby=\"slick-slide153\">\n        <div class=\"product-item-flags\">\n        </div>\n        <div class=\"product-item-image\">\n                <a data-href=\"/?productWidget-widgetCarousel-1-id=15615&amp;do=productWidget-widgetCarousel-1-modal\" data-target=\"productWidget-widgetCarousel-1-productModal\" onclick=\"kosikAjax.click(this)\" tabindex=\"-1\">\n                    <img src=\"https://cdn.kosik.cz/content/product/jpg/list-retina/empty.jpg\" data-src=\"https://cdn.kosik.cz/content/product/jpg/list-retina/32883.jpg\" alt=\"Láznička zelí červené ve sladkokyselém nálevu 640g\" class=\"loading-images loading-image\">\n                </a>\n\n\n\n\n        </div>\n                <div class=\"product-item-info\">\n                <a data-href=\"/?productWidget-widgetCarousel-1-id=15615&amp;do=productWidget-widgetCarousel-1-modal\" class=\"product-name modal-link\" data-target=\"productWidget-widgetCarousel-1-productModal\" onclick=\"kosikAjax.click(this)\" tabindex=\"-1\">\n                    Láznička zelí červené ve sladkokyselém nálevu 640g\n                </a>\n            <p class=\"product-item-price \">\n                <span class=\"price-before-discount\">\n\t\t\t\t</span>\n<strong class=\"price\">42,00 Kč</strong>\n\n            </p>\n            <p class=\"product-item-unit\">\n                    (<strong class=\"price\">65,60 Kč</strong> / kg)\n            </p>\n                        <div class=\"product-list-rating\">\n            </div>\n<div id=\"snippet-productWidget-widgetCarousel-1-buy-15615-quantity\">        <div class=\"product-quantity-control\">\n            <form action=\"/\" method=\"post\" class=\"ajax\" id=\"frm-productWidget-widgetCarousel-1-buy-15615-quantityForm\">\n                <input type=\"text\" name=\"quantity\" size=\"3\" id=\"frm-productWidget-widgetCarousel-1-buy-15615-quantityForm-quantity\" data-nette-rules=\"[{&quot;op&quot;:&quot;:integer&quot;,&quot;msg&quot;:&quot;Množství musí být číslo.&quot;}]\" value=\"1\" tabindex=\"-1\">\n                <input type=\"submit\" name=\"_submit\" value=\"Přidat\" class=\"product-quantity-control-submit plus\" tabindex=\"-1\">\n            <input type=\"hidden\" name=\"do\" value=\"productWidget-widgetCarousel-1-buy-15615-quantityForm-submit\" tabindex=\"-1\"><!--[if IE]><input type=IEbug disabled style=\"display:none\"><![endif]-->\n</form>\n\n        </div>\n</div>\n\n        </div>\n\n        \n    </div><div id=\"product-append-19756\" class=\"product-item slick-slide\" style=\"width: 253px;\" data-slick-index=\"54\" aria-hidden=\"true\" tabindex=\"-1\" role=\"option\" aria-describedby=\"slick-slide154\">\n        <div class=\"product-item-flags\">\n        </div>\n        <div class=\"product-item-image\">\n                <a data-href=\"/?productWidget-widgetCarousel-1-id=19756&amp;do=productWidget-widgetCarousel-1-modal\" data-target=\"productWidget-widgetCarousel-1-productModal\" onclick=\"kosikAjax.click(this)\" tabindex=\"-1\">\n                    <img src=\"https://cdn.kosik.cz/content/product/jpg/list-retina/empty.jpg\" data-src=\"https://cdn.kosik.cz/content/product/jpg/list-retina/37008.jpg\" alt=\"Goya 100 % kokosová voda 330ml\" class=\"loading-images loading-image\">\n                </a>\n\n\n\n\n        </div>\n                <div class=\"product-item-info\">\n                <a data-href=\"/?productWidget-widgetCarousel-1-id=19756&amp;do=productWidget-widgetCarousel-1-modal\" class=\"product-name modal-link\" data-target=\"productWidget-widgetCarousel-1-productModal\" onclick=\"kosikAjax.click(this)\" tabindex=\"-1\">\n                    Goya 100 % kokosová voda 330ml\n                </a>\n            <p class=\"product-item-price \">\n                <span class=\"price-before-discount\">\n\t\t\t\t</span>\n<strong class=\"price\">49,90 Kč</strong>\n\n            </p>\n            <p class=\"product-item-unit\">\n                    (<strong class=\"price\">151,20 Kč</strong> / l)\n            </p>\n                        <div class=\"product-list-rating\">\n            </div>\n<div id=\"snippet-productWidget-widgetCarousel-1-buy-19756-quantity\">        <div class=\"product-quantity-control\">\n            <form action=\"/\" method=\"post\" class=\"ajax\" id=\"frm-productWidget-widgetCarousel-1-buy-19756-quantityForm\">\n                <input type=\"text\" name=\"quantity\" size=\"3\" id=\"frm-productWidget-widgetCarousel-1-buy-19756-quantityForm-quantity\" data-nette-rules=\"[{&quot;op&quot;:&quot;:integer&quot;,&quot;msg&quot;:&quot;Množství musí být číslo.&quot;}]\" value=\"1\" tabindex=\"-1\">\n                <input type=\"submit\" name=\"_submit\" value=\"Přidat\" class=\"product-quantity-control-submit plus\" tabindex=\"-1\">\n            <input type=\"hidden\" name=\"do\" value=\"productWidget-widgetCarousel-1-buy-19756-quantityForm-submit\" tabindex=\"-1\"><!--[if IE]><input type=IEbug disabled style=\"display:none\"><![endif]-->\n</form>\n\n        </div>\n</div>\n\n        </div>\n\n        \n    </div><div id=\"product-append-29794\" class=\"product-item slick-slide\" style=\"width: 253px;\" data-slick-index=\"55\" aria-hidden=\"true\" tabindex=\"-1\" role=\"option\" aria-describedby=\"slick-slide155\">\n        <div class=\"product-item-flags\">\n        </div>\n        <div class=\"product-item-image\">\n                <a data-href=\"/?productWidget-widgetCarousel-1-id=29794&amp;do=productWidget-widgetCarousel-1-modal\" data-target=\"productWidget-widgetCarousel-1-productModal\" onclick=\"kosikAjax.click(this)\" tabindex=\"-1\">\n                    <img src=\"https://cdn.kosik.cz/content/product/jpg/list-retina/empty.jpg\" data-src=\"https://cdn.kosik.cz/content/product/jpg/list-retina/47182.jpg\" alt=\"Faho Knedlíky kynuté jahodové chlazené (6ks) 550g\" class=\"loading-images loading-image\">\n                </a>\n\n\n\n\n        </div>\n                <div class=\"product-item-info\">\n                <a data-href=\"/?productWidget-widgetCarousel-1-id=29794&amp;do=productWidget-widgetCarousel-1-modal\" class=\"product-name modal-link\" data-target=\"productWidget-widgetCarousel-1-productModal\" onclick=\"kosikAjax.click(this)\" tabindex=\"-1\">\n                    Faho Knedlíky kynuté jahodové chlazené (6ks) 550g<br><span class=\"new-product\">Novinka</span>\n                </a>\n            <p class=\"product-item-price \">\n                <span class=\"price-before-discount\">\n\t\t\t\t</span>\n<strong class=\"price\">69,90 Kč</strong>\n\n            </p>\n            <p class=\"product-item-unit\">\n                    (<strong class=\"price\">127,10 Kč</strong> / kg)\n            </p>\n                        <div class=\"product-list-rating\">\n            </div>\n<div id=\"snippet-productWidget-widgetCarousel-1-buy-29794-quantity\">        <div class=\"product-quantity-control\">\n            <form action=\"/\" method=\"post\" class=\"ajax\" id=\"frm-productWidget-widgetCarousel-1-buy-29794-quantityForm\">\n                <input type=\"text\" name=\"quantity\" size=\"3\" id=\"frm-productWidget-widgetCarousel-1-buy-29794-quantityForm-quantity\" data-nette-rules=\"[{&quot;op&quot;:&quot;:integer&quot;,&quot;msg&quot;:&quot;Množství musí být číslo.&quot;}]\" value=\"1\" tabindex=\"-1\">\n                <input type=\"submit\" name=\"_submit\" value=\"Přidat\" class=\"product-quantity-control-submit plus\" tabindex=\"-1\">\n            <input type=\"hidden\" name=\"do\" value=\"productWidget-widgetCarousel-1-buy-29794-quantityForm-submit\" tabindex=\"-1\"><!--[if IE]><input type=IEbug disabled style=\"display:none\"><![endif]-->\n</form>\n\n        </div>\n</div>\n\n        </div>\n\n        \n    </div><div id=\"product-append-15947\" class=\"product-item slick-slide\" style=\"width: 253px;\" data-slick-index=\"56\" aria-hidden=\"true\" tabindex=\"-1\" role=\"option\" aria-describedby=\"slick-slide156\">\n        <div class=\"product-item-flags\">\n        </div>\n        <div class=\"product-item-image\">\n                <a data-href=\"/?productWidget-widgetCarousel-1-id=15947&amp;do=productWidget-widgetCarousel-1-modal\" data-target=\"productWidget-widgetCarousel-1-productModal\" onclick=\"kosikAjax.click(this)\" tabindex=\"-1\">\n                    <img src=\"https://cdn.kosik.cz/content/product/jpg/list-retina/empty.jpg\" data-src=\"https://cdn.kosik.cz/content/product/jpg/list-retina/33215.jpg\" alt=\"Little Angel Teddy Bio křupky mrkev a dýně 4x15g\" class=\"loading-images loading-image\">\n                </a>\n\n\n\n\n        </div>\n                <div class=\"product-item-info\">\n                <a data-href=\"/?productWidget-widgetCarousel-1-id=15947&amp;do=productWidget-widgetCarousel-1-modal\" class=\"product-name modal-link\" data-target=\"productWidget-widgetCarousel-1-productModal\" onclick=\"kosikAjax.click(this)\" tabindex=\"-1\">\n                    Little Angel Teddy Bio křupky mrkev a dýně 4x15g\n                </a>\n            <p class=\"product-item-price \">\n                <span class=\"price-before-discount\">\n\t\t\t\t</span>\n<strong class=\"price\">55,90 Kč</strong>\n\n            </p>\n            <p class=\"product-item-unit\">\n                    (<strong class=\"price\">931,70 Kč</strong> / kg)\n            </p>\n                        <div class=\"product-list-rating\">\n            </div>\n<div id=\"snippet-productWidget-widgetCarousel-1-buy-15947-quantity\">        <div class=\"product-quantity-control\">\n            <form action=\"/\" method=\"post\" class=\"ajax\" id=\"frm-productWidget-widgetCarousel-1-buy-15947-quantityForm\">\n                <input type=\"text\" name=\"quantity\" size=\"3\" id=\"frm-productWidget-widgetCarousel-1-buy-15947-quantityForm-quantity\" data-nette-rules=\"[{&quot;op&quot;:&quot;:integer&quot;,&quot;msg&quot;:&quot;Množství musí být číslo.&quot;}]\" value=\"1\" tabindex=\"-1\">\n                <input type=\"submit\" name=\"_submit\" value=\"Přidat\" class=\"product-quantity-control-submit plus\" tabindex=\"-1\">\n            <input type=\"hidden\" name=\"do\" value=\"productWidget-widgetCarousel-1-buy-15947-quantityForm-submit\" tabindex=\"-1\"><!--[if IE]><input type=IEbug disabled style=\"display:none\"><![endif]-->\n</form>\n\n        </div>\n</div>\n\n        </div>\n\n        \n    </div><div id=\"product-append-28054\" class=\"product-item slick-slide\" style=\"width: 253px;\" data-slick-index=\"57\" aria-hidden=\"true\" tabindex=\"-1\" role=\"option\" aria-describedby=\"slick-slide157\">\n        <div class=\"product-item-flags\">\n        </div>\n        <div class=\"product-item-image\">\n                <a data-href=\"/?productWidget-widgetCarousel-1-id=28054&amp;do=productWidget-widgetCarousel-1-modal\" data-target=\"productWidget-widgetCarousel-1-productModal\" onclick=\"kosikAjax.click(this)\" tabindex=\"-1\">\n                    <img src=\"https://cdn.kosik.cz/content/product/jpg/list-retina/empty.jpg\" data-src=\"https://cdn.kosik.cz/content/product/jpg/list-retina/45383.jpg\" alt=\"Biofarma DoRa Kozí jogurt jahoda 150g\" class=\"loading-images loading-image\">\n                </a>\n\n\n\n\n        </div>\n                <div class=\"product-item-info\">\n                <a data-href=\"/?productWidget-widgetCarousel-1-id=28054&amp;do=productWidget-widgetCarousel-1-modal\" class=\"product-name modal-link\" data-target=\"productWidget-widgetCarousel-1-productModal\" onclick=\"kosikAjax.click(this)\" tabindex=\"-1\">\n                    Biofarma DoRa Kozí jogurt jahoda 150g\n                </a>\n            <p class=\"product-item-price \">\n                <span class=\"price-before-discount\">\n\t\t\t\t</span>\n<strong class=\"price\">26,90 Kč</strong>\n\n            </p>\n            <p class=\"product-item-unit\">\n                    (<strong class=\"price\">179,30 Kč</strong> / kg)\n            </p>\n                        <div class=\"product-list-rating\">\n            </div>\n<div id=\"snippet-productWidget-widgetCarousel-1-buy-28054-quantity\">        <div class=\"product-quantity-control\">\n            <form action=\"/\" method=\"post\" class=\"ajax\" id=\"frm-productWidget-widgetCarousel-1-buy-28054-quantityForm\">\n                <input type=\"text\" name=\"quantity\" size=\"3\" id=\"frm-productWidget-widgetCarousel-1-buy-28054-quantityForm-quantity\" data-nette-rules=\"[{&quot;op&quot;:&quot;:integer&quot;,&quot;msg&quot;:&quot;Množství musí být číslo.&quot;}]\" value=\"1\" tabindex=\"-1\">\n                <input type=\"submit\" name=\"_submit\" value=\"Přidat\" class=\"product-quantity-control-submit plus\" tabindex=\"-1\">\n            <input type=\"hidden\" name=\"do\" value=\"productWidget-widgetCarousel-1-buy-28054-quantityForm-submit\" tabindex=\"-1\"><!--[if IE]><input type=IEbug disabled style=\"display:none\"><![endif]-->\n</form>\n\n        </div>\n</div>\n\n        </div>\n\n        \n    </div><div id=\"product-append-29894\" class=\"product-item slick-slide\" style=\"width: 253px;\" data-slick-index=\"58\" aria-hidden=\"true\" tabindex=\"-1\" role=\"option\" aria-describedby=\"slick-slide158\">\n        <div class=\"product-item-flags\">\n        </div>\n        <div class=\"product-item-image\">\n                <a data-href=\"/?productWidget-widgetCarousel-1-id=29894&amp;do=productWidget-widgetCarousel-1-modal\" data-target=\"productWidget-widgetCarousel-1-productModal\" onclick=\"kosikAjax.click(this)\" tabindex=\"-1\">\n                    <img src=\"https://cdn.kosik.cz/content/product/jpg/list-retina/empty.jpg\" data-src=\"https://cdn.kosik.cz/content/product/jpg/list-retina/47284.jpg\" alt=\"Bio hovězí RumpSteak (cca 500g)\" class=\"loading-images loading-image\">\n                </a>\n\n\n\n\n        </div>\n                <div class=\"product-item-info\">\n                <a data-href=\"/?productWidget-widgetCarousel-1-id=29894&amp;do=productWidget-widgetCarousel-1-modal\" class=\"product-name modal-link\" data-target=\"productWidget-widgetCarousel-1-productModal\" onclick=\"kosikAjax.click(this)\" tabindex=\"-1\">\n                    Bio hovězí RumpSteak (cca 500g)<br><span class=\"new-product\">Novinka</span>\n                </a>\n            <p class=\"product-item-price \">\n                <span class=\"price-before-discount\">\n\t\t\t\t</span>\n                <small class=\"circa-prefix\">cca </small><strong class=\"price\">299,50 Kč</strong>\n\n            </p>\n            <p class=\"product-item-unit\">\n                    (<strong class=\"price\">599,00 Kč</strong> / kg)\n            </p>\n                        <div class=\"product-list-rating\">\n            </div>\n<div id=\"snippet-productWidget-widgetCarousel-1-buy-29894-quantity\">        <div class=\"product-quantity-control\">\n            <form action=\"/\" method=\"post\" class=\"ajax\" id=\"frm-productWidget-widgetCarousel-1-buy-29894-quantityForm\">\n                <input type=\"text\" name=\"quantity\" size=\"3\" id=\"frm-productWidget-widgetCarousel-1-buy-29894-quantityForm-quantity\" data-nette-rules=\"[{&quot;op&quot;:&quot;:integer&quot;,&quot;msg&quot;:&quot;Množství musí být číslo.&quot;}]\" value=\"1\" tabindex=\"-1\">\n                <input type=\"submit\" name=\"_submit\" value=\"Přidat\" class=\"product-quantity-control-submit plus\" tabindex=\"-1\">\n            <input type=\"hidden\" name=\"do\" value=\"productWidget-widgetCarousel-1-buy-29894-quantityForm-submit\" tabindex=\"-1\"><!--[if IE]><input type=IEbug disabled style=\"display:none\"><![endif]-->\n</form>\n\n        </div>\n</div>\n\n        </div>\n\n        \n    </div><div id=\"product-append-13584\" class=\"product-item slick-slide\" style=\"width: 253px;\" data-slick-index=\"59\" aria-hidden=\"true\" tabindex=\"-1\" role=\"option\" aria-describedby=\"slick-slide159\">\n        <div class=\"product-item-flags\">\n        </div>\n        <div class=\"product-item-image\">\n                <a data-href=\"/?productWidget-widgetCarousel-1-id=13584&amp;do=productWidget-widgetCarousel-1-modal\" data-target=\"productWidget-widgetCarousel-1-productModal\" onclick=\"kosikAjax.click(this)\" tabindex=\"-1\">\n                    <img src=\"https://cdn.kosik.cz/content/product/jpg/list-retina/empty.jpg\" data-src=\"https://cdn.kosik.cz/content/product/jpg/list-retina/30839.jpg\" alt=\"Bebivita Mléko 2 Instantní pokračovací mléčná kojenecká výživa od uk. 6. měsíce 500g\" class=\"loading-images loading-image\">\n                </a>\n\n\n\n\n        </div>\n                <div class=\"product-item-info\">\n                <a data-href=\"/?productWidget-widgetCarousel-1-id=13584&amp;do=productWidget-widgetCarousel-1-modal\" class=\"product-name modal-link\" data-target=\"productWidget-widgetCarousel-1-productModal\" onclick=\"kosikAjax.click(this)\" tabindex=\"-1\">\n                    Bebivita Mléko 2 Instantní pokračovací mléčná kojenecká výživa od uk. 6. měsíce 500g\n                </a>\n            <p class=\"product-item-price \">\n                <span class=\"price-before-discount\">\n\t\t\t\t</span>\n<strong class=\"price\">189,90 Kč</strong>\n\n            </p>\n            <p class=\"product-item-unit\">\n                    (<strong class=\"price\">379,80 Kč</strong> / kg)\n            </p>\n                        <div class=\"product-list-rating\">\n            </div>\n<div id=\"snippet-productWidget-widgetCarousel-1-buy-13584-quantity\">        <div class=\"product-quantity-control\">\n            <form action=\"/\" method=\"post\" class=\"ajax\" id=\"frm-productWidget-widgetCarousel-1-buy-13584-quantityForm\">\n                <input type=\"text\" name=\"quantity\" size=\"3\" id=\"frm-productWidget-widgetCarousel-1-buy-13584-quantityForm-quantity\" data-nette-rules=\"[{&quot;op&quot;:&quot;:integer&quot;,&quot;msg&quot;:&quot;Množství musí být číslo.&quot;}]\" value=\"1\" tabindex=\"-1\">\n                <input type=\"submit\" name=\"_submit\" value=\"Přidat\" class=\"product-quantity-control-submit plus\" tabindex=\"-1\">\n            <input type=\"hidden\" name=\"do\" value=\"productWidget-widgetCarousel-1-buy-13584-quantityForm-submit\" tabindex=\"-1\"><!--[if IE]><input type=IEbug disabled style=\"display:none\"><![endif]-->\n</form>\n\n        </div>\n</div>\n\n        </div>\n\n        \n    </div><div id=\"product-append-13088\" class=\"product-item slick-slide\" style=\"width: 253px;\" data-slick-index=\"60\" aria-hidden=\"true\" tabindex=\"-1\" role=\"option\" aria-describedby=\"slick-slide160\">\n        <div class=\"product-item-flags\">\n        </div>\n        <div class=\"product-item-image\">\n                <a data-href=\"/?productWidget-widgetCarousel-1-id=13088&amp;do=productWidget-widgetCarousel-1-modal\" data-target=\"productWidget-widgetCarousel-1-productModal\" onclick=\"kosikAjax.click(this)\" tabindex=\"-1\">\n                    <img src=\"https://cdn.kosik.cz/content/product/jpg/list-retina/empty.jpg\" data-src=\"https://cdn.kosik.cz/content/product/jpg/list-retina/30487.jpg\" alt=\"Jablko Red Delicious (cca 210g)\" class=\"loading-images loading-image\">\n                </a>\n\n\n\n\n        </div>\n                <div class=\"product-item-info\">\n                <a data-href=\"/?productWidget-widgetCarousel-1-id=13088&amp;do=productWidget-widgetCarousel-1-modal\" class=\"product-name modal-link\" data-target=\"productWidget-widgetCarousel-1-productModal\" onclick=\"kosikAjax.click(this)\" tabindex=\"-1\">\n                    Jablko Red Delicious (cca 210g)\n                </a>\n            <p class=\"product-item-price \">\n                <span class=\"price-before-discount\">\n\t\t\t\t</span>\n                <small class=\"circa-prefix\">cca </small><strong class=\"price\">8,40 Kč</strong>\n\n            </p>\n            <p class=\"product-item-unit\">\n                    (<strong class=\"price\">39,90 Kč</strong> / kg)\n            </p>\n                        <div class=\"product-list-rating\">\n            </div>\n<div id=\"snippet-productWidget-widgetCarousel-1-buy-13088-quantity\">        <div class=\"product-quantity-control\">\n            <form action=\"/\" method=\"post\" class=\"ajax\" id=\"frm-productWidget-widgetCarousel-1-buy-13088-quantityForm\">\n                <input type=\"text\" name=\"quantity\" size=\"3\" id=\"frm-productWidget-widgetCarousel-1-buy-13088-quantityForm-quantity\" data-nette-rules=\"[{&quot;op&quot;:&quot;:integer&quot;,&quot;msg&quot;:&quot;Množství musí být číslo.&quot;}]\" value=\"1\" tabindex=\"-1\">\n                <input type=\"submit\" name=\"_submit\" value=\"Přidat\" class=\"product-quantity-control-submit plus\" tabindex=\"-1\">\n            <input type=\"hidden\" name=\"do\" value=\"productWidget-widgetCarousel-1-buy-13088-quantityForm-submit\" tabindex=\"-1\"><!--[if IE]><input type=IEbug disabled style=\"display:none\"><![endif]-->\n</form>\n\n        </div>\n</div>\n\n        </div>\n\n        \n    </div><div id=\"product-append-6248\" class=\"product-item slick-slide\" style=\"width: 253px;\" data-slick-index=\"61\" aria-hidden=\"true\" tabindex=\"-1\" role=\"option\" aria-describedby=\"slick-slide161\">\n        <div class=\"product-item-flags\">\n        </div>\n        <div class=\"product-item-image\">\n                <a data-href=\"/?productWidget-widgetCarousel-1-id=6248&amp;do=productWidget-widgetCarousel-1-modal\" data-target=\"productWidget-widgetCarousel-1-productModal\" onclick=\"kosikAjax.click(this)\" tabindex=\"-1\">\n                    <img src=\"https://cdn.kosik.cz/content/product/jpg/list-retina/empty.jpg\" data-src=\"https://cdn.kosik.cz/content/product/jpg/list-retina/8044.jpg\" alt=\"HiPP Bio jablečno - hroznová šťáva 500ml\" class=\"loading-images loading-image\">\n                </a>\n\n\n\n\n        </div>\n                <div class=\"product-item-info\">\n                <a data-href=\"/?productWidget-widgetCarousel-1-id=6248&amp;do=productWidget-widgetCarousel-1-modal\" class=\"product-name modal-link\" data-target=\"productWidget-widgetCarousel-1-productModal\" onclick=\"kosikAjax.click(this)\" tabindex=\"-1\">\n                    HiPP Bio jablečno - hroznová šťáva 500ml\n                </a>\n            <p class=\"product-item-price \">\n                <span class=\"price-before-discount\">\n\t\t\t\t</span>\n<strong class=\"price\">74,90 Kč</strong>\n\n            </p>\n            <p class=\"product-item-unit\">\n                    (<strong class=\"price\">149,80 Kč</strong> / l)\n            </p>\n                        <div class=\"product-list-rating\">\n            </div>\n<div id=\"snippet-productWidget-widgetCarousel-1-buy-6248-quantity\">        <div class=\"product-quantity-control\">\n            <form action=\"/\" method=\"post\" class=\"ajax\" id=\"frm-productWidget-widgetCarousel-1-buy-6248-quantityForm\">\n                <input type=\"text\" name=\"quantity\" size=\"3\" id=\"frm-productWidget-widgetCarousel-1-buy-6248-quantityForm-quantity\" data-nette-rules=\"[{&quot;op&quot;:&quot;:integer&quot;,&quot;msg&quot;:&quot;Množství musí být číslo.&quot;}]\" value=\"1\" tabindex=\"-1\">\n                <input type=\"submit\" name=\"_submit\" value=\"Přidat\" class=\"product-quantity-control-submit plus\" tabindex=\"-1\">\n            <input type=\"hidden\" name=\"do\" value=\"productWidget-widgetCarousel-1-buy-6248-quantityForm-submit\" tabindex=\"-1\"><!--[if IE]><input type=IEbug disabled style=\"display:none\"><![endif]-->\n</form>\n\n        </div>\n</div>\n\n        </div>\n\n        \n    </div><div id=\"product-append-28056\" class=\"product-item slick-slide\" style=\"width: 253px;\" data-slick-index=\"62\" aria-hidden=\"true\" tabindex=\"-1\" role=\"option\" aria-describedby=\"slick-slide162\">\n        <div class=\"product-item-flags\">\n        </div>\n        <div class=\"product-item-image\">\n                <a data-href=\"/?productWidget-widgetCarousel-1-id=28056&amp;do=productWidget-widgetCarousel-1-modal\" data-target=\"productWidget-widgetCarousel-1-productModal\" onclick=\"kosikAjax.click(this)\" tabindex=\"-1\">\n                    <img src=\"https://cdn.kosik.cz/content/product/jpg/list-retina/empty.jpg\" data-src=\"https://cdn.kosik.cz/content/product/jpg/list-retina/45385.jpg\" alt=\"Biofarma DoRa Čerstvý Kozí sýr bílý 85g\" class=\"loading-images loading-image\">\n                </a>\n\n\n\n\n        </div>\n                <div class=\"product-item-info\">\n                <a data-href=\"/?productWidget-widgetCarousel-1-id=28056&amp;do=productWidget-widgetCarousel-1-modal\" class=\"product-name modal-link\" data-target=\"productWidget-widgetCarousel-1-productModal\" onclick=\"kosikAjax.click(this)\" tabindex=\"-1\">\n                    Biofarma DoRa Čerstvý Kozí sýr bílý 85g\n                </a>\n            <p class=\"product-item-price \">\n                <span class=\"price-before-discount\">\n\t\t\t\t</span>\n<strong class=\"price\">44,90 Kč</strong>\n\n            </p>\n            <p class=\"product-item-unit\">\n                    (<strong class=\"price\">528,20 Kč</strong> / kg)\n            </p>\n                        <div class=\"product-list-rating\">\n            </div>\n<div id=\"snippet-productWidget-widgetCarousel-1-buy-28056-quantity\">        <div class=\"product-quantity-control\">\n            <form action=\"/\" method=\"post\" class=\"ajax\" id=\"frm-productWidget-widgetCarousel-1-buy-28056-quantityForm\">\n                <input type=\"text\" name=\"quantity\" size=\"3\" id=\"frm-productWidget-widgetCarousel-1-buy-28056-quantityForm-quantity\" data-nette-rules=\"[{&quot;op&quot;:&quot;:integer&quot;,&quot;msg&quot;:&quot;Množství musí být číslo.&quot;}]\" value=\"1\" tabindex=\"-1\">\n                <input type=\"submit\" name=\"_submit\" value=\"Přidat\" class=\"product-quantity-control-submit plus\" tabindex=\"-1\">\n            <input type=\"hidden\" name=\"do\" value=\"productWidget-widgetCarousel-1-buy-28056-quantityForm-submit\" tabindex=\"-1\"><!--[if IE]><input type=IEbug disabled style=\"display:none\"><![endif]-->\n</form>\n\n        </div>\n</div>\n\n        </div>\n\n        \n    </div><div id=\"product-append-10313\" class=\"product-item slick-slide\" style=\"width: 253px;\" data-slick-index=\"63\" aria-hidden=\"true\" tabindex=\"-1\" role=\"option\" aria-describedby=\"slick-slide163\">\n        <div class=\"product-item-flags\">\n        </div>\n        <div class=\"product-item-image\">\n                <a data-href=\"/?productWidget-widgetCarousel-1-id=10313&amp;do=productWidget-widgetCarousel-1-modal\" data-target=\"productWidget-widgetCarousel-1-productModal\" onclick=\"kosikAjax.click(this)\" tabindex=\"-1\">\n                    <img src=\"https://cdn.kosik.cz/content/product/jpg/list-retina/empty.jpg\" data-src=\"https://cdn.kosik.cz/content/product/jpg/list-retina/28096.jpg\" alt=\"Fine Fish Universální vločkové krmivo pro ryby 250ml\" class=\"loading-images loading-image\">\n                </a>\n\n\n\n\n        </div>\n                <div class=\"product-item-info\">\n                <a data-href=\"/?productWidget-widgetCarousel-1-id=10313&amp;do=productWidget-widgetCarousel-1-modal\" class=\"product-name modal-link\" data-target=\"productWidget-widgetCarousel-1-productModal\" onclick=\"kosikAjax.click(this)\" tabindex=\"-1\">\n                    Fine Fish Universální vločkové krmivo pro ryby 250ml\n                </a>\n            <p class=\"product-item-price \">\n                <span class=\"price-before-discount\">\n\t\t\t\t</span>\n<strong class=\"price\">49,90 Kč</strong>\n\n            </p>\n            <p class=\"product-item-unit\">\n                    (<strong class=\"price\">199,60 Kč</strong> / l)\n            </p>\n                        <div class=\"product-list-rating\">\n            </div>\n<div id=\"snippet-productWidget-widgetCarousel-1-buy-10313-quantity\">        <div class=\"product-quantity-control\">\n            <form action=\"/\" method=\"post\" class=\"ajax\" id=\"frm-productWidget-widgetCarousel-1-buy-10313-quantityForm\">\n                <input type=\"text\" name=\"quantity\" size=\"3\" id=\"frm-productWidget-widgetCarousel-1-buy-10313-quantityForm-quantity\" data-nette-rules=\"[{&quot;op&quot;:&quot;:integer&quot;,&quot;msg&quot;:&quot;Množství musí být číslo.&quot;}]\" value=\"1\" tabindex=\"-1\">\n                <input type=\"submit\" name=\"_submit\" value=\"Přidat\" class=\"product-quantity-control-submit plus\" tabindex=\"-1\">\n            <input type=\"hidden\" name=\"do\" value=\"productWidget-widgetCarousel-1-buy-10313-quantityForm-submit\" tabindex=\"-1\"><!--[if IE]><input type=IEbug disabled style=\"display:none\"><![endif]-->\n</form>\n\n        </div>\n</div>\n\n        </div>\n\n        \n    </div><div id=\"product-append-29799\" class=\"product-item slick-slide\" style=\"width: 253px;\" data-slick-index=\"64\" aria-hidden=\"true\" tabindex=\"-1\" role=\"option\" aria-describedby=\"slick-slide164\">\n        <div class=\"product-item-flags\">\n        </div>\n        <div class=\"product-item-image\">\n                <a data-href=\"/?productWidget-widgetCarousel-1-id=29799&amp;do=productWidget-widgetCarousel-1-modal\" data-target=\"productWidget-widgetCarousel-1-productModal\" onclick=\"kosikAjax.click(this)\" tabindex=\"-1\">\n                    <img src=\"https://cdn.kosik.cz/content/product/jpg/list-retina/empty.jpg\" data-src=\"https://cdn.kosik.cz/content/product/jpg/list-retina/47187.jpg\" alt=\"Faho Dukátové buchtičky 200g\" class=\"loading-images loading-image\">\n                </a>\n\n\n\n\n        </div>\n                <div class=\"product-item-info\">\n                <a data-href=\"/?productWidget-widgetCarousel-1-id=29799&amp;do=productWidget-widgetCarousel-1-modal\" class=\"product-name modal-link\" data-target=\"productWidget-widgetCarousel-1-productModal\" onclick=\"kosikAjax.click(this)\" tabindex=\"-1\">\n                    Faho Dukátové buchtičky 200g<br><span class=\"new-product\">Novinka</span>\n                </a>\n            <p class=\"product-item-price \">\n                <span class=\"price-before-discount\">\n\t\t\t\t</span>\n<strong class=\"price\">39,90 Kč</strong>\n\n            </p>\n            <p class=\"product-item-unit\">\n                    (<strong class=\"price\">199,50 Kč</strong> / kg)\n            </p>\n                        <div class=\"product-list-rating\">\n            </div>\n<div id=\"snippet-productWidget-widgetCarousel-1-buy-29799-quantity\">        <div class=\"product-quantity-control\">\n            <form action=\"/\" method=\"post\" class=\"ajax\" id=\"frm-productWidget-widgetCarousel-1-buy-29799-quantityForm\">\n                <input type=\"text\" name=\"quantity\" size=\"3\" id=\"frm-productWidget-widgetCarousel-1-buy-29799-quantityForm-quantity\" data-nette-rules=\"[{&quot;op&quot;:&quot;:integer&quot;,&quot;msg&quot;:&quot;Množství musí být číslo.&quot;}]\" value=\"1\" tabindex=\"-1\">\n                <input type=\"submit\" name=\"_submit\" value=\"Přidat\" class=\"product-quantity-control-submit plus\" tabindex=\"-1\">\n            <input type=\"hidden\" name=\"do\" value=\"productWidget-widgetCarousel-1-buy-29799-quantityForm-submit\" tabindex=\"-1\"><!--[if IE]><input type=IEbug disabled style=\"display:none\"><![endif]-->\n</form>\n\n        </div>\n</div>\n\n        </div>\n\n        \n    </div><div id=\"product-append-556\" class=\"product-item slick-slide\" style=\"width: 253px;\" data-slick-index=\"65\" aria-hidden=\"true\" tabindex=\"-1\" role=\"option\" aria-describedby=\"slick-slide165\">\n        <div class=\"product-item-flags\">\n        </div>\n        <div class=\"product-item-image\">\n                <a data-href=\"/?productWidget-widgetCarousel-1-id=556&amp;do=productWidget-widgetCarousel-1-modal\" data-target=\"productWidget-widgetCarousel-1-productModal\" onclick=\"kosikAjax.click(this)\" tabindex=\"-1\">\n                    <img src=\"https://cdn.kosik.cz/content/product/jpg/list-retina/empty.jpg\" data-src=\"https://cdn.kosik.cz/content/product/jpg/list-retina/583.jpg\" alt=\"Pribináček Vanilka 80g\" class=\"loading-images loading-image\">\n                </a>\n\n\n\n\n        </div>\n                <div class=\"product-item-info\">\n                <a data-href=\"/?productWidget-widgetCarousel-1-id=556&amp;do=productWidget-widgetCarousel-1-modal\" class=\"product-name modal-link\" data-target=\"productWidget-widgetCarousel-1-productModal\" onclick=\"kosikAjax.click(this)\" tabindex=\"-1\">\n                    Pribináček Vanilka 80g\n                </a>\n            <p class=\"product-item-price \">\n                <span class=\"price-before-discount\">\n\t\t\t\t</span>\n<strong class=\"price\">15,90 Kč</strong>\n\n            </p>\n            <p class=\"product-item-unit\">\n                    (<strong class=\"price\">198,80 Kč</strong> / kg)\n            </p>\n                        <div class=\"product-list-rating\">\n                <span><ul class=\"rating\"><li class=\"rating-children rating-1 up\" data-rating=\"1\"><i class=\"fa fa-star\"></i></li><li class=\"rating-children rating-2 up\" data-rating=\"2\"><i class=\"fa fa-star\"></i></li><li class=\"rating-children rating-3 up\" data-rating=\"3\"><i class=\"fa fa-star\"></i></li><li class=\"rating-children rating-4 up\" data-rating=\"4\"><i class=\"fa fa-star\"></i></li><li class=\"rating-children rating-5 down\" data-rating=\"5\"><i class=\"fa fa-star\"></i></li></ul></span>\n            </div>\n<div id=\"snippet-productWidget-widgetCarousel-1-buy-556-quantity\">        <div class=\"product-quantity-control\">\n            <form action=\"/\" method=\"post\" class=\"ajax\" id=\"frm-productWidget-widgetCarousel-1-buy-556-quantityForm\">\n                <input type=\"text\" name=\"quantity\" size=\"3\" id=\"frm-productWidget-widgetCarousel-1-buy-556-quantityForm-quantity\" data-nette-rules=\"[{&quot;op&quot;:&quot;:integer&quot;,&quot;msg&quot;:&quot;Množství musí být číslo.&quot;}]\" value=\"1\" tabindex=\"-1\">\n                <input type=\"submit\" name=\"_submit\" value=\"Přidat\" class=\"product-quantity-control-submit plus\" tabindex=\"-1\">\n            <input type=\"hidden\" name=\"do\" value=\"productWidget-widgetCarousel-1-buy-556-quantityForm-submit\" tabindex=\"-1\"><!--[if IE]><input type=IEbug disabled style=\"display:none\"><![endif]-->\n</form>\n\n        </div>\n</div>\n\n        </div>\n\n        \n    </div><div id=\"product-append-26693\" class=\"product-item slick-slide\" style=\"width: 253px;\" data-slick-index=\"66\" aria-hidden=\"true\" tabindex=\"-1\" role=\"option\" aria-describedby=\"slick-slide166\">\n        <div class=\"product-item-flags\">\n            <div class=\"flag-sale \">\n                <span class=\"percents\">15<small>%</small></span>\n            </div>\n        </div>\n        <div class=\"product-item-image\">\n                <a data-href=\"/?productWidget-widgetCarousel-1-id=26693&amp;do=productWidget-widgetCarousel-1-modal\" data-target=\"productWidget-widgetCarousel-1-productModal\" onclick=\"kosikAjax.click(this)\" tabindex=\"-1\">\n                    <img src=\"https://cdn.kosik.cz/content/product/jpg/list-retina/empty.jpg\" data-src=\"https://cdn.kosik.cz/content/product/jpg/list-retina/43916.jpg\" alt=\"Dollano Baby Standard XL 52Ks\" class=\"loading-images loading-image\">\n                </a>\n\n\n\n\n        </div>\n                <div class=\"product-item-info\">\n                <a data-href=\"/?productWidget-widgetCarousel-1-id=26693&amp;do=productWidget-widgetCarousel-1-modal\" class=\"product-name modal-link\" data-target=\"productWidget-widgetCarousel-1-productModal\" onclick=\"kosikAjax.click(this)\" tabindex=\"-1\">\n                    Dollano Baby Standard XL 52Ks\n                </a>\n            <p class=\"product-item-price product-in-discount\">\n                <span class=\"price-before-discount\">\n\t\t\t\t\t<span><strong class=\"price\">259,90 Kč</strong></span>\n\t\t\t\t</span>\n<strong class=\"price\">219,90 Kč</strong>\n\n            </p>\n            <p class=\"product-item-unit\">\n                    (<strong class=\"price\">4,20 Kč</strong> / ks)\n            </p>\n                        <div class=\"product-list-rating\">\n            </div>\n<div id=\"snippet-productWidget-widgetCarousel-1-buy-26693-quantity\">        <div class=\"product-quantity-control\">\n            <form action=\"/\" method=\"post\" class=\"ajax\" id=\"frm-productWidget-widgetCarousel-1-buy-26693-quantityForm\">\n                <input type=\"text\" name=\"quantity\" size=\"3\" id=\"frm-productWidget-widgetCarousel-1-buy-26693-quantityForm-quantity\" data-nette-rules=\"[{&quot;op&quot;:&quot;:integer&quot;,&quot;msg&quot;:&quot;Množství musí být číslo.&quot;}]\" value=\"1\" tabindex=\"-1\">\n                <input type=\"submit\" name=\"_submit\" value=\"Přidat\" class=\"product-quantity-control-submit plus\" tabindex=\"-1\">\n            <input type=\"hidden\" name=\"do\" value=\"productWidget-widgetCarousel-1-buy-26693-quantityForm-submit\" tabindex=\"-1\"><!--[if IE]><input type=IEbug disabled style=\"display:none\"><![endif]-->\n</form>\n\n        </div>\n</div>\n\n        </div>\n\n        \n    </div><div id=\"product-append-11504\" class=\"product-item slick-slide\" style=\"width: 253px;\" data-slick-index=\"67\" aria-hidden=\"true\" tabindex=\"-1\" role=\"option\" aria-describedby=\"slick-slide167\">\n        <div class=\"product-item-flags\">\n        </div>\n        <div class=\"product-item-image\">\n                <a data-href=\"/?productWidget-widgetCarousel-1-id=11504&amp;do=productWidget-widgetCarousel-1-modal\" data-target=\"productWidget-widgetCarousel-1-productModal\" onclick=\"kosikAjax.click(this)\" tabindex=\"-1\">\n                    <img src=\"https://cdn.kosik.cz/content/product/jpg/list-retina/empty.jpg\" data-src=\"https://cdn.kosik.cz/content/product/jpg/list-retina/29013.jpg\" alt=\"Fragata Zelené olivy s tuňákovou náplní ve slaném nálevu 200g\" class=\"loading-images loading-image\">\n                </a>\n\n\n\n\n        </div>\n                <div class=\"product-item-info\">\n                <a data-href=\"/?productWidget-widgetCarousel-1-id=11504&amp;do=productWidget-widgetCarousel-1-modal\" class=\"product-name modal-link\" data-target=\"productWidget-widgetCarousel-1-productModal\" onclick=\"kosikAjax.click(this)\" tabindex=\"-1\">\n                    Fragata Zelené olivy s tuňákovou náplní ve slaném nálevu 200g\n                </a>\n            <p class=\"product-item-price \">\n                <span class=\"price-before-discount\">\n\t\t\t\t</span>\n<strong class=\"price\">29,90 Kč</strong>\n\n            </p>\n            <p class=\"product-item-unit\">\n                    (<strong class=\"price\">149,50 Kč</strong> / kg)\n            </p>\n                        <div class=\"product-list-rating\">\n            </div>\n<div id=\"snippet-productWidget-widgetCarousel-1-buy-11504-quantity\">        <div class=\"product-quantity-control\">\n            <form action=\"/\" method=\"post\" class=\"ajax\" id=\"frm-productWidget-widgetCarousel-1-buy-11504-quantityForm\">\n                <input type=\"text\" name=\"quantity\" size=\"3\" id=\"frm-productWidget-widgetCarousel-1-buy-11504-quantityForm-quantity\" data-nette-rules=\"[{&quot;op&quot;:&quot;:integer&quot;,&quot;msg&quot;:&quot;Množství musí být číslo.&quot;}]\" value=\"1\" tabindex=\"-1\">\n                <input type=\"submit\" name=\"_submit\" value=\"Přidat\" class=\"product-quantity-control-submit plus\" tabindex=\"-1\">\n            <input type=\"hidden\" name=\"do\" value=\"productWidget-widgetCarousel-1-buy-11504-quantityForm-submit\" tabindex=\"-1\"><!--[if IE]><input type=IEbug disabled style=\"display:none\"><![endif]-->\n</form>\n\n        </div>\n</div>\n\n        </div>\n\n        \n    </div><div id=\"product-append-29793\" class=\"product-item slick-slide\" style=\"width: 253px;\" data-slick-index=\"68\" aria-hidden=\"true\" tabindex=\"-1\" role=\"option\" aria-describedby=\"slick-slide168\">\n        <div class=\"product-item-flags\">\n        </div>\n        <div class=\"product-item-image\">\n                <a data-href=\"/?productWidget-widgetCarousel-1-id=29793&amp;do=productWidget-widgetCarousel-1-modal\" data-target=\"productWidget-widgetCarousel-1-productModal\" onclick=\"kosikAjax.click(this)\" tabindex=\"-1\">\n                    <img src=\"https://cdn.kosik.cz/content/product/jpg/list-retina/empty.jpg\" data-src=\"https://cdn.kosik.cz/content/product/jpg/list-retina/47181.jpg\" alt=\"Faho Halušky 300g\" class=\"loading-images loading-image\">\n                </a>\n\n\n\n\n        </div>\n                <div class=\"product-item-info\">\n                <a data-href=\"/?productWidget-widgetCarousel-1-id=29793&amp;do=productWidget-widgetCarousel-1-modal\" class=\"product-name modal-link\" data-target=\"productWidget-widgetCarousel-1-productModal\" onclick=\"kosikAjax.click(this)\" tabindex=\"-1\">\n                    Faho Halušky 300g<br><span class=\"new-product\">Novinka</span>\n                </a>\n            <p class=\"product-item-price \">\n                <span class=\"price-before-discount\">\n\t\t\t\t</span>\n<strong class=\"price\">44,90 Kč</strong>\n\n            </p>\n            <p class=\"product-item-unit\">\n                    (<strong class=\"price\">149,70 Kč</strong> / kg)\n            </p>\n                        <div class=\"product-list-rating\">\n            </div>\n<div id=\"snippet-productWidget-widgetCarousel-1-buy-29793-quantity\">        <div class=\"product-quantity-control\">\n            <form action=\"/\" method=\"post\" class=\"ajax\" id=\"frm-productWidget-widgetCarousel-1-buy-29793-quantityForm\">\n                <input type=\"text\" name=\"quantity\" size=\"3\" id=\"frm-productWidget-widgetCarousel-1-buy-29793-quantityForm-quantity\" data-nette-rules=\"[{&quot;op&quot;:&quot;:integer&quot;,&quot;msg&quot;:&quot;Množství musí být číslo.&quot;}]\" value=\"1\" tabindex=\"-1\">\n                <input type=\"submit\" name=\"_submit\" value=\"Přidat\" class=\"product-quantity-control-submit plus\" tabindex=\"-1\">\n            <input type=\"hidden\" name=\"do\" value=\"productWidget-widgetCarousel-1-buy-29793-quantityForm-submit\" tabindex=\"-1\"><!--[if IE]><input type=IEbug disabled style=\"display:none\"><![endif]-->\n</form>\n\n        </div>\n</div>\n\n        </div>\n\n        \n    </div><div id=\"product-append-22486\" class=\"product-item slick-slide\" style=\"width: 253px;\" data-slick-index=\"69\" aria-hidden=\"true\" tabindex=\"-1\" role=\"option\" aria-describedby=\"slick-slide169\">\n        <div class=\"product-item-flags\">\n        </div>\n        <div class=\"product-item-image\">\n                <a data-href=\"/?productWidget-widgetCarousel-1-id=22486&amp;do=productWidget-widgetCarousel-1-modal\" data-target=\"productWidget-widgetCarousel-1-productModal\" onclick=\"kosikAjax.click(this)\" tabindex=\"-1\">\n                    <img src=\"https://cdn.kosik.cz/content/product/jpg/list-retina/empty.jpg\" data-src=\"https://cdn.kosik.cz/content/product/jpg/list-retina/39735.jpg\" alt=\"Sýrová klobása (cca 260g)\" class=\"loading-images loading-image\">\n                </a>\n\n\n\n\n        </div>\n                <div class=\"product-item-info\">\n                <a data-href=\"/?productWidget-widgetCarousel-1-id=22486&amp;do=productWidget-widgetCarousel-1-modal\" class=\"product-name modal-link\" data-target=\"productWidget-widgetCarousel-1-productModal\" onclick=\"kosikAjax.click(this)\" tabindex=\"-1\">\n                    Sýrová klobása (cca 260g)\n                </a>\n            <p class=\"product-item-price \">\n                <span class=\"price-before-discount\">\n\t\t\t\t</span>\n                <small class=\"circa-prefix\">cca </small><strong class=\"price\">47,90 Kč</strong>\n\n            </p>\n            <p class=\"product-item-unit\">\n                    (<strong class=\"price\">184,20 Kč</strong> / kg)\n            </p>\n                        <div class=\"product-list-rating\">\n                <span><ul class=\"rating\"><li class=\"rating-children rating-1 up\" data-rating=\"1\"><i class=\"fa fa-star\"></i></li><li class=\"rating-children rating-2 up\" data-rating=\"2\"><i class=\"fa fa-star\"></i></li><li class=\"rating-children rating-3 up\" data-rating=\"3\"><i class=\"fa fa-star\"></i></li><li class=\"rating-children rating-4 up\" data-rating=\"4\"><i class=\"fa fa-star\"></i></li><li class=\"rating-children rating-5 down\" data-rating=\"5\"><i class=\"fa fa-star\"></i></li></ul></span>\n            </div>\n<div id=\"snippet-productWidget-widgetCarousel-1-buy-22486-quantity\">        <div class=\"product-quantity-control\">\n            <form action=\"/\" method=\"post\" class=\"ajax\" id=\"frm-productWidget-widgetCarousel-1-buy-22486-quantityForm\">\n                <input type=\"text\" name=\"quantity\" size=\"3\" id=\"frm-productWidget-widgetCarousel-1-buy-22486-quantityForm-quantity\" data-nette-rules=\"[{&quot;op&quot;:&quot;:integer&quot;,&quot;msg&quot;:&quot;Množství musí být číslo.&quot;}]\" value=\"1\" tabindex=\"-1\">\n                <input type=\"submit\" name=\"_submit\" value=\"Přidat\" class=\"product-quantity-control-submit plus\" tabindex=\"-1\">\n            <input type=\"hidden\" name=\"do\" value=\"productWidget-widgetCarousel-1-buy-22486-quantityForm-submit\" tabindex=\"-1\"><!--[if IE]><input type=IEbug disabled style=\"display:none\"><![endif]-->\n</form>\n\n        </div>\n</div>\n\n        </div>\n\n        \n    </div><div id=\"product-append-15558\" class=\"product-item slick-slide\" style=\"width: 253px;\" data-slick-index=\"70\" aria-hidden=\"true\" tabindex=\"-1\" role=\"option\" aria-describedby=\"slick-slide170\">\n        <div class=\"product-item-flags\">\n        </div>\n        <div class=\"product-item-image\">\n                <a data-href=\"/?productWidget-widgetCarousel-1-id=15558&amp;do=productWidget-widgetCarousel-1-modal\" data-target=\"productWidget-widgetCarousel-1-productModal\" onclick=\"kosikAjax.click(this)\" tabindex=\"-1\">\n                    <img src=\"https://cdn.kosik.cz/content/product/jpg/list-retina/empty.jpg\" data-src=\"https://cdn.kosik.cz/content/product/jpg/list-retina/32826.jpg\" alt=\"Markol Raw tyčinka kokoman 40g\" class=\"loading-images loading-image\">\n                </a>\n\n\n\n\n        </div>\n                <div class=\"product-item-info\">\n                <a data-href=\"/?productWidget-widgetCarousel-1-id=15558&amp;do=productWidget-widgetCarousel-1-modal\" class=\"product-name modal-link\" data-target=\"productWidget-widgetCarousel-1-productModal\" onclick=\"kosikAjax.click(this)\" tabindex=\"-1\">\n                    Markol Raw tyčinka kokoman 40g\n                </a>\n            <p class=\"product-item-price \">\n                <span class=\"price-before-discount\">\n\t\t\t\t</span>\n<strong class=\"price\">37,00 Kč</strong>\n\n            </p>\n            <p class=\"product-item-unit\">\n                    (<strong class=\"price\">925,00 Kč</strong> / kg)\n            </p>\n                        <div class=\"product-list-rating\">\n            </div>\n<div id=\"snippet-productWidget-widgetCarousel-1-buy-15558-quantity\">        <div class=\"product-quantity-control\">\n            <form action=\"/\" method=\"post\" class=\"ajax\" id=\"frm-productWidget-widgetCarousel-1-buy-15558-quantityForm\">\n                <input type=\"text\" name=\"quantity\" size=\"3\" id=\"frm-productWidget-widgetCarousel-1-buy-15558-quantityForm-quantity\" data-nette-rules=\"[{&quot;op&quot;:&quot;:integer&quot;,&quot;msg&quot;:&quot;Množství musí být číslo.&quot;}]\" value=\"1\" tabindex=\"-1\">\n                <input type=\"submit\" name=\"_submit\" value=\"Přidat\" class=\"product-quantity-control-submit plus\" tabindex=\"-1\">\n            <input type=\"hidden\" name=\"do\" value=\"productWidget-widgetCarousel-1-buy-15558-quantityForm-submit\" tabindex=\"-1\"><!--[if IE]><input type=IEbug disabled style=\"display:none\"><![endif]-->\n</form>\n\n        </div>\n</div>\n\n        </div>\n\n        \n    </div><div id=\"product-append-16223\" class=\"product-item slick-slide\" style=\"width: 253px;\" data-slick-index=\"71\" aria-hidden=\"true\" tabindex=\"-1\" role=\"option\" aria-describedby=\"slick-slide171\">\n        <div class=\"product-item-flags\">\n        </div>\n        <div class=\"product-item-image\">\n                <a data-href=\"/?productWidget-widgetCarousel-1-id=16223&amp;do=productWidget-widgetCarousel-1-modal\" data-target=\"productWidget-widgetCarousel-1-productModal\" onclick=\"kosikAjax.click(this)\" tabindex=\"-1\">\n                    <img src=\"https://cdn.kosik.cz/content/product/jpg/list-retina/empty.jpg\" data-src=\"https://cdn.kosik.cz/content/product/jpg/list-retina/33491.jpg\" alt=\"Bohemia olej dýňový 100ml\" class=\"loading-images loading-image\">\n                </a>\n\n\n\n\n        </div>\n                <div class=\"product-item-info\">\n                <a data-href=\"/?productWidget-widgetCarousel-1-id=16223&amp;do=productWidget-widgetCarousel-1-modal\" class=\"product-name modal-link\" data-target=\"productWidget-widgetCarousel-1-productModal\" onclick=\"kosikAjax.click(this)\" tabindex=\"-1\">\n                    Bohemia olej dýňový 100ml\n                </a>\n            <p class=\"product-item-price \">\n                <span class=\"price-before-discount\">\n\t\t\t\t</span>\n<strong class=\"price\">104,90 Kč</strong>\n\n            </p>\n            <p class=\"product-item-unit\">\n                    (<strong class=\"price\">1 049,00 Kč</strong> / l)\n            </p>\n                        <div class=\"product-list-rating\">\n            </div>\n<div id=\"snippet-productWidget-widgetCarousel-1-buy-16223-quantity\">        <div class=\"product-quantity-control\">\n            <form action=\"/\" method=\"post\" class=\"ajax\" id=\"frm-productWidget-widgetCarousel-1-buy-16223-quantityForm\">\n                <input type=\"text\" name=\"quantity\" size=\"3\" id=\"frm-productWidget-widgetCarousel-1-buy-16223-quantityForm-quantity\" data-nette-rules=\"[{&quot;op&quot;:&quot;:integer&quot;,&quot;msg&quot;:&quot;Množství musí být číslo.&quot;}]\" value=\"1\" tabindex=\"-1\">\n                <input type=\"submit\" name=\"_submit\" value=\"Přidat\" class=\"product-quantity-control-submit plus\" tabindex=\"-1\">\n            <input type=\"hidden\" name=\"do\" value=\"productWidget-widgetCarousel-1-buy-16223-quantityForm-submit\" tabindex=\"-1\"><!--[if IE]><input type=IEbug disabled style=\"display:none\"><![endif]-->\n</form>\n\n        </div>\n</div>\n\n        </div>\n\n        \n    </div><div id=\"product-append-2683\" class=\"product-item slick-slide\" style=\"width: 253px;\" data-slick-index=\"72\" aria-hidden=\"true\" tabindex=\"-1\" role=\"option\" aria-describedby=\"slick-slide172\">\n        <div class=\"product-item-flags\">\n        </div>\n        <div class=\"product-item-image\">\n                <a data-href=\"/?productWidget-widgetCarousel-1-id=2683&amp;do=productWidget-widgetCarousel-1-modal\" data-target=\"productWidget-widgetCarousel-1-productModal\" onclick=\"kosikAjax.click(this)\" tabindex=\"-1\">\n                    <img src=\"https://cdn.kosik.cz/content/product/jpg/list-retina/empty.jpg\" data-src=\"https://cdn.kosik.cz/content/product/jpg/list-retina/2783.jpg\" alt=\"Kubík Play! Mrkev + jablko, červený pomeranč, limetka 400ml\" class=\"loading-images loading-image\">\n                </a>\n\n\n\n\n        </div>\n                <div class=\"product-item-info\">\n                <a data-href=\"/?productWidget-widgetCarousel-1-id=2683&amp;do=productWidget-widgetCarousel-1-modal\" class=\"product-name modal-link\" data-target=\"productWidget-widgetCarousel-1-productModal\" onclick=\"kosikAjax.click(this)\" tabindex=\"-1\">\n                    Kubík Play! Mrkev + jablko, červený pomeranč, limetka 400ml\n                </a>\n            <p class=\"product-item-price \">\n                <span class=\"price-before-discount\">\n\t\t\t\t</span>\n<strong class=\"price\">16,90 Kč</strong>\n\n            </p>\n            <p class=\"product-item-unit\">\n                    (<strong class=\"price\">42,30 Kč</strong> / l)\n            </p>\n                        <div class=\"product-list-rating\">\n            </div>\n<div id=\"snippet-productWidget-widgetCarousel-1-buy-2683-quantity\">        <div class=\"product-quantity-control\">\n            <form action=\"/\" method=\"post\" class=\"ajax\" id=\"frm-productWidget-widgetCarousel-1-buy-2683-quantityForm\">\n                <input type=\"text\" name=\"quantity\" size=\"3\" id=\"frm-productWidget-widgetCarousel-1-buy-2683-quantityForm-quantity\" data-nette-rules=\"[{&quot;op&quot;:&quot;:integer&quot;,&quot;msg&quot;:&quot;Množství musí být číslo.&quot;}]\" value=\"1\" tabindex=\"-1\">\n                <input type=\"submit\" name=\"_submit\" value=\"Přidat\" class=\"product-quantity-control-submit plus\" tabindex=\"-1\">\n            <input type=\"hidden\" name=\"do\" value=\"productWidget-widgetCarousel-1-buy-2683-quantityForm-submit\" tabindex=\"-1\"><!--[if IE]><input type=IEbug disabled style=\"display:none\"><![endif]-->\n</form>\n\n        </div>\n</div>\n\n        </div>\n\n        \n    </div><div id=\"product-append-28482\" class=\"product-item slick-slide\" style=\"width: 253px;\" data-slick-index=\"73\" aria-hidden=\"true\" tabindex=\"-1\" role=\"option\" aria-describedby=\"slick-slide173\">\n        <div class=\"product-item-flags\">\n        </div>\n        <div class=\"product-item-image\">\n                <a data-href=\"/?productWidget-widgetCarousel-1-id=28482&amp;do=productWidget-widgetCarousel-1-modal\" data-target=\"productWidget-widgetCarousel-1-productModal\" onclick=\"kosikAjax.click(this)\" tabindex=\"-1\">\n                    <img src=\"https://cdn.kosik.cz/content/product/jpg/list-retina/empty.jpg\" data-src=\"https://cdn.kosik.cz/content/product/jpg/list-retina/45824.jpg\" alt=\"Pomeranč červený (cca 100g)\" class=\"loading-images loading-image\">\n                </a>\n\n\n\n\n        </div>\n                <div class=\"product-item-info\">\n                <a data-href=\"/?productWidget-widgetCarousel-1-id=28482&amp;do=productWidget-widgetCarousel-1-modal\" class=\"product-name modal-link\" data-target=\"productWidget-widgetCarousel-1-productModal\" onclick=\"kosikAjax.click(this)\" tabindex=\"-1\">\n                    Pomeranč červený (cca 100g)\n                </a>\n            <p class=\"product-item-price \">\n                <span class=\"price-before-discount\">\n\t\t\t\t</span>\n                <small class=\"circa-prefix\">cca </small><strong class=\"price\">3,90 Kč</strong>\n\n            </p>\n            <p class=\"product-item-unit\">\n                    (<strong class=\"price\">38,90 Kč</strong> / kg)\n            </p>\n                        <div class=\"product-list-rating\">\n            </div>\n<div id=\"snippet-productWidget-widgetCarousel-1-buy-28482-quantity\">        <div class=\"product-quantity-control\">\n            <form action=\"/\" method=\"post\" class=\"ajax\" id=\"frm-productWidget-widgetCarousel-1-buy-28482-quantityForm\">\n                <input type=\"text\" name=\"quantity\" size=\"3\" id=\"frm-productWidget-widgetCarousel-1-buy-28482-quantityForm-quantity\" data-nette-rules=\"[{&quot;op&quot;:&quot;:integer&quot;,&quot;msg&quot;:&quot;Množství musí být číslo.&quot;}]\" value=\"1\" tabindex=\"-1\">\n                <input type=\"submit\" name=\"_submit\" value=\"Přidat\" class=\"product-quantity-control-submit plus\" tabindex=\"-1\">\n            <input type=\"hidden\" name=\"do\" value=\"productWidget-widgetCarousel-1-buy-28482-quantityForm-submit\" tabindex=\"-1\"><!--[if IE]><input type=IEbug disabled style=\"display:none\"><![endif]-->\n</form>\n\n        </div>\n</div>\n\n        </div>\n\n        \n    </div><div id=\"product-append-12872\" class=\"product-item slick-slide\" style=\"width: 253px;\" data-slick-index=\"74\" aria-hidden=\"true\" tabindex=\"-1\" role=\"option\" aria-describedby=\"slick-slide174\">\n        <div class=\"product-item-flags\">\n        </div>\n        <div class=\"product-item-image\">\n                <a data-href=\"/?productWidget-widgetCarousel-1-id=12872&amp;do=productWidget-widgetCarousel-1-modal\" data-target=\"productWidget-widgetCarousel-1-productModal\" onclick=\"kosikAjax.click(this)\" tabindex=\"-1\">\n                    <img src=\"https://cdn.kosik.cz/content/product/jpg/list-retina/empty.jpg\" data-src=\"https://cdn.kosik.cz/content/product/jpg/list-retina/30238.jpg\" alt=\"Kornbageta fitness 28cm 150g\" class=\"loading-images loading-image\">\n                </a>\n\n\n\n\n        </div>\n                <div class=\"product-item-info\">\n                <a data-href=\"/?productWidget-widgetCarousel-1-id=12872&amp;do=productWidget-widgetCarousel-1-modal\" class=\"product-name modal-link\" data-target=\"productWidget-widgetCarousel-1-productModal\" onclick=\"kosikAjax.click(this)\" tabindex=\"-1\">\n                    Kornbageta fitness 28cm 150g\n                </a>\n            <p class=\"product-item-price \">\n                <span class=\"price-before-discount\">\n\t\t\t\t</span>\n<strong class=\"price\">14,90 Kč</strong>\n\n            </p>\n            <p class=\"product-item-unit\">\n                    (<strong class=\"price\">99,30 Kč</strong> / kg)\n            </p>\n                        <div class=\"product-list-rating\">\n            </div>\n<div id=\"snippet-productWidget-widgetCarousel-1-buy-12872-quantity\">        <div class=\"product-quantity-control\">\n            <form action=\"/\" method=\"post\" class=\"ajax\" id=\"frm-productWidget-widgetCarousel-1-buy-12872-quantityForm\">\n                <input type=\"text\" name=\"quantity\" size=\"3\" id=\"frm-productWidget-widgetCarousel-1-buy-12872-quantityForm-quantity\" data-nette-rules=\"[{&quot;op&quot;:&quot;:integer&quot;,&quot;msg&quot;:&quot;Množství musí být číslo.&quot;}]\" value=\"1\" tabindex=\"-1\">\n                <input type=\"submit\" name=\"_submit\" value=\"Přidat\" class=\"product-quantity-control-submit plus\" tabindex=\"-1\">\n            <input type=\"hidden\" name=\"do\" value=\"productWidget-widgetCarousel-1-buy-12872-quantityForm-submit\" tabindex=\"-1\"><!--[if IE]><input type=IEbug disabled style=\"display:none\"><![endif]-->\n</form>\n\n        </div>\n</div>\n\n        </div>\n\n        \n    </div><div id=\"product-append-15512\" class=\"product-item slick-slide\" style=\"width: 253px;\" data-slick-index=\"75\" aria-hidden=\"true\" tabindex=\"-1\" role=\"option\" aria-describedby=\"slick-slide175\">\n        <div class=\"product-item-flags\">\n        </div>\n        <div class=\"product-item-image\">\n                <a data-href=\"/?productWidget-widgetCarousel-1-id=15512&amp;do=productWidget-widgetCarousel-1-modal\" data-target=\"productWidget-widgetCarousel-1-productModal\" onclick=\"kosikAjax.click(this)\" tabindex=\"-1\">\n                    <img src=\"https://cdn.kosik.cz/content/product/jpg/list-retina/empty.jpg\" data-src=\"https://cdn.kosik.cz/content/product/jpg/list-retina/32780.jpg\" alt=\"Farma Pěnčín Bio kozí sýr přírodní 100g\" class=\"loading-images loading-image\">\n                </a>\n\n\n\n\n        </div>\n                <div class=\"product-item-info\">\n                <a data-href=\"/?productWidget-widgetCarousel-1-id=15512&amp;do=productWidget-widgetCarousel-1-modal\" class=\"product-name modal-link\" data-target=\"productWidget-widgetCarousel-1-productModal\" onclick=\"kosikAjax.click(this)\" tabindex=\"-1\">\n                    Farma Pěnčín Bio kozí sýr přírodní 100g\n                </a>\n            <p class=\"product-item-price \">\n                <span class=\"price-before-discount\">\n\t\t\t\t</span>\n<strong class=\"price\">46,00 Kč</strong>\n\n            </p>\n            <p class=\"product-item-unit\">\n                    (<strong class=\"price\">460,00 Kč</strong> / kg)\n            </p>\n                        <div class=\"product-list-rating\">\n            </div>\n<div id=\"snippet-productWidget-widgetCarousel-1-buy-15512-quantity\">        <div class=\"product-quantity-control\">\n            <form action=\"/\" method=\"post\" class=\"ajax\" id=\"frm-productWidget-widgetCarousel-1-buy-15512-quantityForm\">\n                <input type=\"text\" name=\"quantity\" size=\"3\" id=\"frm-productWidget-widgetCarousel-1-buy-15512-quantityForm-quantity\" data-nette-rules=\"[{&quot;op&quot;:&quot;:integer&quot;,&quot;msg&quot;:&quot;Množství musí být číslo.&quot;}]\" value=\"1\" tabindex=\"-1\">\n                <input type=\"submit\" name=\"_submit\" value=\"Přidat\" class=\"product-quantity-control-submit plus\" tabindex=\"-1\">\n            <input type=\"hidden\" name=\"do\" value=\"productWidget-widgetCarousel-1-buy-15512-quantityForm-submit\" tabindex=\"-1\"><!--[if IE]><input type=IEbug disabled style=\"display:none\"><![endif]-->\n</form>\n\n        </div>\n</div>\n\n        </div>\n\n        \n    </div><div id=\"product-append-28133\" class=\"product-item slick-slide\" style=\"width: 253px;\" data-slick-index=\"76\" aria-hidden=\"true\" tabindex=\"-1\" role=\"option\" aria-describedby=\"slick-slide176\">\n        <div class=\"product-item-flags\">\n        </div>\n        <div class=\"product-item-image\">\n                <a data-href=\"/?productWidget-widgetCarousel-1-id=28133&amp;do=productWidget-widgetCarousel-1-modal\" data-target=\"productWidget-widgetCarousel-1-productModal\" onclick=\"kosikAjax.click(this)\" tabindex=\"-1\">\n                    <img src=\"https://cdn.kosik.cz/content/product/jpg/list-retina/empty.jpg\" data-src=\"https://cdn.kosik.cz/content/product/jpg/list-retina/45468.jpg\" alt=\"Královská vejce M30 - vejce z farmy z chovu na podestýlce\" class=\"loading-images loading-image\">\n                </a>\n\n\n\n\n        </div>\n                <div class=\"product-item-info\">\n                <a data-href=\"/?productWidget-widgetCarousel-1-id=28133&amp;do=productWidget-widgetCarousel-1-modal\" class=\"product-name modal-link\" data-target=\"productWidget-widgetCarousel-1-productModal\" onclick=\"kosikAjax.click(this)\" tabindex=\"-1\">\n                    Královská vejce M30 - vejce z farmy z chovu na podestýlce\n                </a>\n            <p class=\"product-item-price \">\n                <span class=\"price-before-discount\">\n\t\t\t\t</span>\n<strong class=\"price\">159,90 Kč</strong>\n\n            </p>\n            <p class=\"product-item-unit\">\n                    (<strong class=\"price\">5,30 Kč</strong> / ks)\n            </p>\n                        <div class=\"product-list-rating\">\n                <span><ul class=\"rating\"><li class=\"rating-children rating-1 up\" data-rating=\"1\"><i class=\"fa fa-star\"></i></li><li class=\"rating-children rating-2 up\" data-rating=\"2\"><i class=\"fa fa-star\"></i></li><li class=\"rating-children rating-3 up\" data-rating=\"3\"><i class=\"fa fa-star\"></i></li><li class=\"rating-children rating-4 up\" data-rating=\"4\"><i class=\"fa fa-star\"></i></li><li class=\"rating-children rating-5 up\" data-rating=\"5\"><i class=\"fa fa-star\"></i></li></ul></span>\n            </div>\n<div id=\"snippet-productWidget-widgetCarousel-1-buy-28133-quantity\">        <div class=\"product-quantity-control\">\n            <form action=\"/\" method=\"post\" class=\"ajax\" id=\"frm-productWidget-widgetCarousel-1-buy-28133-quantityForm\">\n                <input type=\"text\" name=\"quantity\" size=\"3\" id=\"frm-productWidget-widgetCarousel-1-buy-28133-quantityForm-quantity\" data-nette-rules=\"[{&quot;op&quot;:&quot;:integer&quot;,&quot;msg&quot;:&quot;Množství musí být číslo.&quot;}]\" value=\"1\" tabindex=\"-1\">\n                <input type=\"submit\" name=\"_submit\" value=\"Přidat\" class=\"product-quantity-control-submit plus\" tabindex=\"-1\">\n            <input type=\"hidden\" name=\"do\" value=\"productWidget-widgetCarousel-1-buy-28133-quantityForm-submit\" tabindex=\"-1\"><!--[if IE]><input type=IEbug disabled style=\"display:none\"><![endif]-->\n</form>\n\n        </div>\n</div>\n\n        </div>\n\n        \n    </div><div id=\"product-append-7643\" class=\"product-item slick-slide\" style=\"width: 253px;\" data-slick-index=\"77\" aria-hidden=\"true\" tabindex=\"-1\" role=\"option\" aria-describedby=\"slick-slide177\">\n        <div class=\"product-item-flags\">\n        </div>\n        <div class=\"product-item-image\">\n                <a data-href=\"/?productWidget-widgetCarousel-1-id=7643&amp;do=productWidget-widgetCarousel-1-modal\" data-target=\"productWidget-widgetCarousel-1-productModal\" onclick=\"kosikAjax.click(this)\" tabindex=\"-1\">\n                    <img src=\"https://cdn.kosik.cz/content/product/jpg/list-retina/empty.jpg\" data-src=\"https://cdn.kosik.cz/content/product/jpg/list-retina/12763.jpg\" alt=\"Rajčata Cherry červená 250g\" class=\"loading-images loading-image\">\n                </a>\n\n\n\n\n        </div>\n                <div class=\"product-item-info\">\n                <a data-href=\"/?productWidget-widgetCarousel-1-id=7643&amp;do=productWidget-widgetCarousel-1-modal\" class=\"product-name modal-link\" data-target=\"productWidget-widgetCarousel-1-productModal\" onclick=\"kosikAjax.click(this)\" tabindex=\"-1\">\n                    Rajčata Cherry červená 250g\n                </a>\n            <p class=\"product-item-price \">\n                <span class=\"price-before-discount\">\n\t\t\t\t</span>\n<strong class=\"price\">25,90 Kč</strong>\n\n            </p>\n            <p class=\"product-item-unit\">\n                    (<strong class=\"price\">103,60 Kč</strong> / kg)\n            </p>\n                        <div class=\"product-list-rating\">\n                <span><ul class=\"rating\"><li class=\"rating-children rating-1 up\" data-rating=\"1\"><i class=\"fa fa-star\"></i></li><li class=\"rating-children rating-2 up\" data-rating=\"2\"><i class=\"fa fa-star\"></i></li><li class=\"rating-children rating-3 up\" data-rating=\"3\"><i class=\"fa fa-star\"></i></li><li class=\"rating-children rating-4 down\" data-rating=\"4\"><i class=\"fa fa-star\"></i></li><li class=\"rating-children rating-5 down\" data-rating=\"5\"><i class=\"fa fa-star\"></i></li></ul></span>\n            </div>\n<div id=\"snippet-productWidget-widgetCarousel-1-buy-7643-quantity\">        <div class=\"product-quantity-control\">\n            <form action=\"/\" method=\"post\" class=\"ajax\" id=\"frm-productWidget-widgetCarousel-1-buy-7643-quantityForm\">\n                <input type=\"text\" name=\"quantity\" size=\"3\" id=\"frm-productWidget-widgetCarousel-1-buy-7643-quantityForm-quantity\" data-nette-rules=\"[{&quot;op&quot;:&quot;:integer&quot;,&quot;msg&quot;:&quot;Množství musí být číslo.&quot;}]\" value=\"1\" tabindex=\"-1\">\n                <input type=\"submit\" name=\"_submit\" value=\"Přidat\" class=\"product-quantity-control-submit plus\" tabindex=\"-1\">\n            <input type=\"hidden\" name=\"do\" value=\"productWidget-widgetCarousel-1-buy-7643-quantityForm-submit\" tabindex=\"-1\"><!--[if IE]><input type=IEbug disabled style=\"display:none\"><![endif]-->\n</form>\n\n        </div>\n</div>\n\n        </div>\n\n        \n    </div><div id=\"product-append-6892\" class=\"product-item slick-slide\" style=\"width: 253px;\" data-slick-index=\"78\" aria-hidden=\"true\" tabindex=\"-1\" role=\"option\" aria-describedby=\"slick-slide178\">\n        <div class=\"product-item-flags\">\n        </div>\n        <div class=\"product-item-image\">\n                <a data-href=\"/?productWidget-widgetCarousel-1-id=6892&amp;do=productWidget-widgetCarousel-1-modal\" data-target=\"productWidget-widgetCarousel-1-productModal\" onclick=\"kosikAjax.click(this)\" tabindex=\"-1\">\n                    <img src=\"https://cdn.kosik.cz/content/product/jpg/list-retina/empty.jpg\" data-src=\"https://cdn.kosik.cz/content/product/jpg/list-retina/9356.jpg\" alt=\"Alex Ochranný čistič s kokosovým mýdlem na dřevo, parkety, podlahy a nábytek 750ml\" class=\"loading-images loading-image\">\n                </a>\n\n\n\n\n        </div>\n                <div class=\"product-item-info\">\n                <a data-href=\"/?productWidget-widgetCarousel-1-id=6892&amp;do=productWidget-widgetCarousel-1-modal\" class=\"product-name modal-link\" data-target=\"productWidget-widgetCarousel-1-productModal\" onclick=\"kosikAjax.click(this)\" tabindex=\"-1\">\n                    Alex Ochranný čistič s kokosovým mýdlem na dřevo, parkety, podlahy a nábytek 750ml\n                </a>\n            <p class=\"product-item-price \">\n                <span class=\"price-before-discount\">\n\t\t\t\t</span>\n<strong class=\"price\">113,90 Kč</strong>\n\n            </p>\n            <p class=\"product-item-unit\">\n                    (<strong class=\"price\">151,90 Kč</strong> / l)\n            </p>\n                        <div class=\"product-list-rating\">\n            </div>\n<div id=\"snippet-productWidget-widgetCarousel-1-buy-6892-quantity\">        <div class=\"product-quantity-control\">\n            <form action=\"/\" method=\"post\" class=\"ajax\" id=\"frm-productWidget-widgetCarousel-1-buy-6892-quantityForm\">\n                <input type=\"text\" name=\"quantity\" size=\"3\" id=\"frm-productWidget-widgetCarousel-1-buy-6892-quantityForm-quantity\" data-nette-rules=\"[{&quot;op&quot;:&quot;:integer&quot;,&quot;msg&quot;:&quot;Množství musí být číslo.&quot;}]\" value=\"1\" tabindex=\"-1\">\n                <input type=\"submit\" name=\"_submit\" value=\"Přidat\" class=\"product-quantity-control-submit plus\" tabindex=\"-1\">\n            <input type=\"hidden\" name=\"do\" value=\"productWidget-widgetCarousel-1-buy-6892-quantityForm-submit\" tabindex=\"-1\"><!--[if IE]><input type=IEbug disabled style=\"display:none\"><![endif]-->\n</form>\n\n        </div>\n</div>\n\n        </div>\n\n        \n    </div><div id=\"product-append-20236\" class=\"product-item slick-slide\" style=\"width: 253px;\" data-slick-index=\"79\" aria-hidden=\"true\" tabindex=\"-1\" role=\"option\" aria-describedby=\"slick-slide179\">\n        <div class=\"product-item-flags\">\n        </div>\n        <div class=\"product-item-image\">\n                <a data-href=\"/?productWidget-widgetCarousel-1-id=20236&amp;do=productWidget-widgetCarousel-1-modal\" data-target=\"productWidget-widgetCarousel-1-productModal\" onclick=\"kosikAjax.click(this)\" tabindex=\"-1\">\n                    <img src=\"https://cdn.kosik.cz/content/product/jpg/list-retina/empty.jpg\" data-src=\"https://cdn.kosik.cz/content/product/jpg/list-retina/37488.jpg\" alt=\"Labeta Čokoládové musli bez lepku 260g\" class=\"loading-images loading-image\">\n                </a>\n\n\n\n\n        </div>\n                <div class=\"product-item-info\">\n                <a data-href=\"/?productWidget-widgetCarousel-1-id=20236&amp;do=productWidget-widgetCarousel-1-modal\" class=\"product-name modal-link\" data-target=\"productWidget-widgetCarousel-1-productModal\" onclick=\"kosikAjax.click(this)\" tabindex=\"-1\">\n                    Labeta Čokoládové musli bez lepku 260g\n                </a>\n            <p class=\"product-item-price \">\n                <span class=\"price-before-discount\">\n\t\t\t\t</span>\n<strong class=\"price\">59,90 Kč</strong>\n\n            </p>\n            <p class=\"product-item-unit\">\n                    (<strong class=\"price\">230,40 Kč</strong> / kg)\n            </p>\n                        <div class=\"product-list-rating\">\n            </div>\n<div id=\"snippet-productWidget-widgetCarousel-1-buy-20236-quantity\">        <div class=\"product-quantity-control\">\n            <form action=\"/\" method=\"post\" class=\"ajax\" id=\"frm-productWidget-widgetCarousel-1-buy-20236-quantityForm\">\n                <input type=\"text\" name=\"quantity\" size=\"3\" id=\"frm-productWidget-widgetCarousel-1-buy-20236-quantityForm-quantity\" data-nette-rules=\"[{&quot;op&quot;:&quot;:integer&quot;,&quot;msg&quot;:&quot;Množství musí být číslo.&quot;}]\" value=\"1\" tabindex=\"-1\">\n                <input type=\"submit\" name=\"_submit\" value=\"Přidat\" class=\"product-quantity-control-submit plus\" tabindex=\"-1\">\n            <input type=\"hidden\" name=\"do\" value=\"productWidget-widgetCarousel-1-buy-20236-quantityForm-submit\" tabindex=\"-1\"><!--[if IE]><input type=IEbug disabled style=\"display:none\"><![endif]-->\n</form>\n\n        </div>\n</div>\n\n        </div>\n\n        \n    </div><div id=\"product-append-22508\" class=\"product-item slick-slide\" style=\"width: 253px;\" data-slick-index=\"80\" aria-hidden=\"true\" tabindex=\"-1\" role=\"option\" aria-describedby=\"slick-slide180\">\n        <div class=\"product-item-flags\">\n        </div>\n        <div class=\"product-item-image\">\n                <a data-href=\"/?productWidget-widgetCarousel-1-id=22508&amp;do=productWidget-widgetCarousel-1-modal\" data-target=\"productWidget-widgetCarousel-1-productModal\" onclick=\"kosikAjax.click(this)\" tabindex=\"-1\">\n                    <img src=\"https://cdn.kosik.cz/content/product/jpg/list-retina/empty.jpg\" data-src=\"https://cdn.kosik.cz/content/product/jpg/list-retina/39757.jpg\" alt=\"Kachní paštika sklo 200g\" class=\"loading-images loading-image\">\n                </a>\n\n\n\n\n        </div>\n                <div class=\"product-item-info\">\n                <a data-href=\"/?productWidget-widgetCarousel-1-id=22508&amp;do=productWidget-widgetCarousel-1-modal\" class=\"product-name modal-link\" data-target=\"productWidget-widgetCarousel-1-productModal\" onclick=\"kosikAjax.click(this)\" tabindex=\"-1\">\n                    Kachní paštika sklo 200g\n                </a>\n            <p class=\"product-item-price \">\n                <span class=\"price-before-discount\">\n\t\t\t\t</span>\n<strong class=\"price\">59,90 Kč</strong>\n\n            </p>\n            <p class=\"product-item-unit\">\n                    (<strong class=\"price\">299,50 Kč</strong> / kg)\n            </p>\n                        <div class=\"product-list-rating\">\n            </div>\n<div id=\"snippet-productWidget-widgetCarousel-1-buy-22508-quantity\">        <div class=\"product-quantity-control\">\n            <form action=\"/\" method=\"post\" class=\"ajax\" id=\"frm-productWidget-widgetCarousel-1-buy-22508-quantityForm\">\n                <input type=\"text\" name=\"quantity\" size=\"3\" id=\"frm-productWidget-widgetCarousel-1-buy-22508-quantityForm-quantity\" data-nette-rules=\"[{&quot;op&quot;:&quot;:integer&quot;,&quot;msg&quot;:&quot;Množství musí být číslo.&quot;}]\" value=\"1\" tabindex=\"-1\">\n                <input type=\"submit\" name=\"_submit\" value=\"Přidat\" class=\"product-quantity-control-submit plus\" tabindex=\"-1\">\n            <input type=\"hidden\" name=\"do\" value=\"productWidget-widgetCarousel-1-buy-22508-quantityForm-submit\" tabindex=\"-1\"><!--[if IE]><input type=IEbug disabled style=\"display:none\"><![endif]-->\n</form>\n\n        </div>\n</div>\n\n        </div>\n\n        \n    </div><div id=\"product-append-4797\" class=\"product-item slick-slide\" style=\"width: 253px;\" data-slick-index=\"81\" aria-hidden=\"true\" tabindex=\"-1\" role=\"option\" aria-describedby=\"slick-slide181\">\n        <div class=\"product-item-flags\">\n            <div class=\"flag-sale \">\n                <span class=\"percents\">20<small>%</small></span>\n            </div>\n        </div>\n        <div class=\"product-item-image\">\n                <a data-href=\"/?productWidget-widgetCarousel-1-id=4797&amp;do=productWidget-widgetCarousel-1-modal\" data-target=\"productWidget-widgetCarousel-1-productModal\" onclick=\"kosikAjax.click(this)\" tabindex=\"-1\">\n                    <img src=\"https://cdn.kosik.cz/content/product/jpg/list-retina/empty.jpg\" data-src=\"https://cdn.kosik.cz/content/product/jpg/list-retina/5122.jpg\" alt=\"Cleanex Trade Twin Houbičky na nádobí 2ks\" class=\"loading-images loading-image\">\n                </a>\n\n\n\n\n        </div>\n                <div class=\"product-item-info\">\n                <a data-href=\"/?productWidget-widgetCarousel-1-id=4797&amp;do=productWidget-widgetCarousel-1-modal\" class=\"product-name modal-link\" data-target=\"productWidget-widgetCarousel-1-productModal\" onclick=\"kosikAjax.click(this)\" tabindex=\"-1\">\n                    Cleanex Trade Twin Houbičky na nádobí 2ks\n                </a>\n            <p class=\"product-item-price product-in-discount\">\n                <span class=\"price-before-discount\">\n\t\t\t\t\t<span><strong class=\"price\">29,90 Kč</strong></span>\n\t\t\t\t</span>\n<strong class=\"price\">23,90 Kč</strong>\n\n            </p>\n            <p class=\"product-item-unit\">\n                    (<strong class=\"price\">12,00 Kč</strong> / ks)\n            </p>\n                        <div class=\"product-list-rating\">\n            </div>\n<div id=\"snippet-productWidget-widgetCarousel-1-buy-4797-quantity\">        <div class=\"product-quantity-control\">\n            <form action=\"/\" method=\"post\" class=\"ajax\" id=\"frm-productWidget-widgetCarousel-1-buy-4797-quantityForm\">\n                <input type=\"text\" name=\"quantity\" size=\"3\" id=\"frm-productWidget-widgetCarousel-1-buy-4797-quantityForm-quantity\" data-nette-rules=\"[{&quot;op&quot;:&quot;:integer&quot;,&quot;msg&quot;:&quot;Množství musí být číslo.&quot;}]\" value=\"1\" tabindex=\"-1\">\n                <input type=\"submit\" name=\"_submit\" value=\"Přidat\" class=\"product-quantity-control-submit plus\" tabindex=\"-1\">\n            <input type=\"hidden\" name=\"do\" value=\"productWidget-widgetCarousel-1-buy-4797-quantityForm-submit\" tabindex=\"-1\"><!--[if IE]><input type=IEbug disabled style=\"display:none\"><![endif]-->\n</form>\n\n        </div>\n</div>\n\n        </div>\n\n        \n    </div><div id=\"product-append-15932\" class=\"product-item slick-slide\" style=\"width: 253px;\" data-slick-index=\"82\" aria-hidden=\"true\" tabindex=\"-1\" role=\"option\" aria-describedby=\"slick-slide182\">\n        <div class=\"product-item-flags\">\n        </div>\n        <div class=\"product-item-image\">\n                <a data-href=\"/?productWidget-widgetCarousel-1-id=15932&amp;do=productWidget-widgetCarousel-1-modal\" data-target=\"productWidget-widgetCarousel-1-productModal\" onclick=\"kosikAjax.click(this)\" tabindex=\"-1\">\n                    <img src=\"https://cdn.kosik.cz/content/product/jpg/list-retina/empty.jpg\" data-src=\"https://cdn.kosik.cz/content/product/jpg/list-retina/33200.jpg\" alt=\"Žufánek Hruškovica 0,5l\" class=\"loading-images loading-image\">\n                </a>\n\n\n\n\n        </div>\n                <div class=\"product-item-info\">\n                <a data-href=\"/?productWidget-widgetCarousel-1-id=15932&amp;do=productWidget-widgetCarousel-1-modal\" class=\"product-name modal-link\" data-target=\"productWidget-widgetCarousel-1-productModal\" onclick=\"kosikAjax.click(this)\" tabindex=\"-1\">\n                    Žufánek Hruškovica 0,5l\n                </a>\n            <p class=\"product-item-price \">\n                <span class=\"price-before-discount\">\n\t\t\t\t</span>\n<strong class=\"price\">419,00 Kč</strong>\n\n            </p>\n            <p class=\"product-item-unit\">\n                    (<strong class=\"price\">838,00 Kč</strong> / l)\n            </p>\n                        <div class=\"product-list-rating\">\n            </div>\n<div id=\"snippet-productWidget-widgetCarousel-1-buy-15932-quantity\">        <div class=\"product-quantity-control\">\n            <form action=\"/\" method=\"post\" class=\"ajax\" id=\"frm-productWidget-widgetCarousel-1-buy-15932-quantityForm\">\n                <input type=\"text\" name=\"quantity\" size=\"3\" id=\"frm-productWidget-widgetCarousel-1-buy-15932-quantityForm-quantity\" data-nette-rules=\"[{&quot;op&quot;:&quot;:integer&quot;,&quot;msg&quot;:&quot;Množství musí být číslo.&quot;}]\" value=\"1\" tabindex=\"-1\">\n                <input type=\"submit\" name=\"_submit\" value=\"Přidat\" class=\"product-quantity-control-submit plus\" tabindex=\"-1\">\n            <input type=\"hidden\" name=\"do\" value=\"productWidget-widgetCarousel-1-buy-15932-quantityForm-submit\" tabindex=\"-1\"><!--[if IE]><input type=IEbug disabled style=\"display:none\"><![endif]-->\n</form>\n\n        </div>\n</div>\n\n        </div>\n\n        \n    </div><div id=\"product-append-14792\" class=\"product-item slick-slide\" style=\"width: 253px;\" data-slick-index=\"83\" aria-hidden=\"true\" tabindex=\"-1\" role=\"option\" aria-describedby=\"slick-slide183\">\n        <div class=\"product-item-flags\">\n        </div>\n        <div class=\"product-item-image\">\n                <a data-href=\"/?productWidget-widgetCarousel-1-id=14792&amp;do=productWidget-widgetCarousel-1-modal\" data-target=\"productWidget-widgetCarousel-1-productModal\" onclick=\"kosikAjax.click(this)\" tabindex=\"-1\">\n                    <img src=\"https://cdn.kosik.cz/content/product/jpg/list-retina/empty.jpg\" data-src=\"https://cdn.kosik.cz/content/product/jpg/list-retina/32061.jpg\" alt=\"Pekárna Kabát Čoko rohlík 70g\" class=\"loading-images loading-image\">\n                </a>\n\n\n\n\n        </div>\n                <div class=\"product-item-info\">\n                <a data-href=\"/?productWidget-widgetCarousel-1-id=14792&amp;do=productWidget-widgetCarousel-1-modal\" class=\"product-name modal-link\" data-target=\"productWidget-widgetCarousel-1-productModal\" onclick=\"kosikAjax.click(this)\" tabindex=\"-1\">\n                    Pekárna Kabát Čoko rohlík 70g\n                </a>\n            <p class=\"product-item-price \">\n                <span class=\"price-before-discount\">\n\t\t\t\t</span>\n<strong class=\"price\">18,90 Kč</strong>\n\n            </p>\n            <p class=\"product-item-unit\">\n                    (<strong class=\"price\">270,00 Kč</strong> / kg)\n            </p>\n                        <div class=\"product-list-rating\">\n            </div>\n<div id=\"snippet-productWidget-widgetCarousel-1-buy-14792-quantity\">        <div class=\"product-quantity-control\">\n            <form action=\"/\" method=\"post\" class=\"ajax\" id=\"frm-productWidget-widgetCarousel-1-buy-14792-quantityForm\">\n                <input type=\"text\" name=\"quantity\" size=\"3\" id=\"frm-productWidget-widgetCarousel-1-buy-14792-quantityForm-quantity\" data-nette-rules=\"[{&quot;op&quot;:&quot;:integer&quot;,&quot;msg&quot;:&quot;Množství musí být číslo.&quot;}]\" value=\"1\" tabindex=\"-1\">\n                <input type=\"submit\" name=\"_submit\" value=\"Přidat\" class=\"product-quantity-control-submit plus\" tabindex=\"-1\">\n            <input type=\"hidden\" name=\"do\" value=\"productWidget-widgetCarousel-1-buy-14792-quantityForm-submit\" tabindex=\"-1\"><!--[if IE]><input type=IEbug disabled style=\"display:none\"><![endif]-->\n</form>\n\n        </div>\n</div>\n\n        </div>\n\n        \n    </div><div id=\"product-append-13682\" class=\"product-item slick-slide\" style=\"width: 253px;\" data-slick-index=\"84\" aria-hidden=\"true\" tabindex=\"-1\" role=\"option\" aria-describedby=\"slick-slide184\">\n        <div class=\"product-item-flags\">\n        </div>\n        <div class=\"product-item-image\">\n                <a data-href=\"/?productWidget-widgetCarousel-1-id=13682&amp;do=productWidget-widgetCarousel-1-modal\" data-target=\"productWidget-widgetCarousel-1-productModal\" onclick=\"kosikAjax.click(this)\" tabindex=\"-1\">\n                    <img src=\"https://cdn.kosik.cz/content/product/jpg/list-retina/empty.jpg\" data-src=\"https://cdn.kosik.cz/content/product/jpg/list-retina/30935.jpg\" alt=\"Frosta Kopr mražený 75g\" class=\"loading-images loading-image\">\n                </a>\n\n\n\n\n        </div>\n                <div class=\"product-item-info\">\n                <a data-href=\"/?productWidget-widgetCarousel-1-id=13682&amp;do=productWidget-widgetCarousel-1-modal\" class=\"product-name modal-link\" data-target=\"productWidget-widgetCarousel-1-productModal\" onclick=\"kosikAjax.click(this)\" tabindex=\"-1\">\n                    Frosta Kopr mražený 75g\n                </a>\n            <p class=\"product-item-price \">\n                <span class=\"price-before-discount\">\n\t\t\t\t</span>\n<strong class=\"price\">24,90 Kč</strong>\n\n            </p>\n            <p class=\"product-item-unit\">\n                    (<strong class=\"price\">332,00 Kč</strong> / kg)\n            </p>\n                        <div class=\"product-list-rating\">\n            </div>\n<div id=\"snippet-productWidget-widgetCarousel-1-buy-13682-quantity\">        <div class=\"product-quantity-control\">\n            <form action=\"/\" method=\"post\" class=\"ajax\" id=\"frm-productWidget-widgetCarousel-1-buy-13682-quantityForm\">\n                <input type=\"text\" name=\"quantity\" size=\"3\" id=\"frm-productWidget-widgetCarousel-1-buy-13682-quantityForm-quantity\" data-nette-rules=\"[{&quot;op&quot;:&quot;:integer&quot;,&quot;msg&quot;:&quot;Množství musí být číslo.&quot;}]\" value=\"1\" tabindex=\"-1\">\n                <input type=\"submit\" name=\"_submit\" value=\"Přidat\" class=\"product-quantity-control-submit plus\" tabindex=\"-1\">\n            <input type=\"hidden\" name=\"do\" value=\"productWidget-widgetCarousel-1-buy-13682-quantityForm-submit\" tabindex=\"-1\"><!--[if IE]><input type=IEbug disabled style=\"display:none\"><![endif]-->\n</form>\n\n        </div>\n</div>\n\n        </div>\n\n        \n    </div><div id=\"product-append-29791\" class=\"product-item slick-slide\" style=\"width: 253px;\" data-slick-index=\"85\" aria-hidden=\"true\" tabindex=\"-1\" role=\"option\" aria-describedby=\"slick-slide185\">\n        <div class=\"product-item-flags\">\n        </div>\n        <div class=\"product-item-image\">\n                <a data-href=\"/?productWidget-widgetCarousel-1-id=29791&amp;do=productWidget-widgetCarousel-1-modal\" data-target=\"productWidget-widgetCarousel-1-productModal\" onclick=\"kosikAjax.click(this)\" tabindex=\"-1\">\n                    <img src=\"https://cdn.kosik.cz/content/product/jpg/list-retina/empty.jpg\" data-src=\"https://cdn.kosik.cz/content/product/jpg/list-retina/47179.jpg\" alt=\"Faho Bramborové šišky 300g\" class=\"loading-images loading-image\">\n                </a>\n\n\n\n\n        </div>\n                <div class=\"product-item-info\">\n                <a data-href=\"/?productWidget-widgetCarousel-1-id=29791&amp;do=productWidget-widgetCarousel-1-modal\" class=\"product-name modal-link\" data-target=\"productWidget-widgetCarousel-1-productModal\" onclick=\"kosikAjax.click(this)\" tabindex=\"-1\">\n                    Faho Bramborové šišky 300g<br><span class=\"new-product\">Novinka</span>\n                </a>\n            <p class=\"product-item-price \">\n                <span class=\"price-before-discount\">\n\t\t\t\t</span>\n<strong class=\"price\">39,90 Kč</strong>\n\n            </p>\n            <p class=\"product-item-unit\">\n                    (<strong class=\"price\">133,00 Kč</strong> / kg)\n            </p>\n                        <div class=\"product-list-rating\">\n            </div>\n<div id=\"snippet-productWidget-widgetCarousel-1-buy-29791-quantity\">        <div class=\"product-quantity-control\">\n            <form action=\"/\" method=\"post\" class=\"ajax\" id=\"frm-productWidget-widgetCarousel-1-buy-29791-quantityForm\">\n                <input type=\"text\" name=\"quantity\" size=\"3\" id=\"frm-productWidget-widgetCarousel-1-buy-29791-quantityForm-quantity\" data-nette-rules=\"[{&quot;op&quot;:&quot;:integer&quot;,&quot;msg&quot;:&quot;Množství musí být číslo.&quot;}]\" value=\"1\" tabindex=\"-1\">\n                <input type=\"submit\" name=\"_submit\" value=\"Přidat\" class=\"product-quantity-control-submit plus\" tabindex=\"-1\">\n            <input type=\"hidden\" name=\"do\" value=\"productWidget-widgetCarousel-1-buy-29791-quantityForm-submit\" tabindex=\"-1\"><!--[if IE]><input type=IEbug disabled style=\"display:none\"><![endif]-->\n</form>\n\n        </div>\n</div>\n\n        </div>\n\n        \n    </div><div id=\"product-append-17414\" class=\"product-item slick-slide\" style=\"width: 253px;\" data-slick-index=\"86\" aria-hidden=\"true\" tabindex=\"-1\" role=\"option\" aria-describedby=\"slick-slide186\">\n        <div class=\"product-item-flags\">\n        </div>\n        <div class=\"product-item-image\">\n                <a data-href=\"/?productWidget-widgetCarousel-1-id=17414&amp;do=productWidget-widgetCarousel-1-modal\" data-target=\"productWidget-widgetCarousel-1-productModal\" onclick=\"kosikAjax.click(this)\" tabindex=\"-1\">\n                    <img src=\"https://cdn.kosik.cz/content/product/jpg/list-retina/empty.jpg\" data-src=\"https://cdn.kosik.cz/content/product/jpg/list-retina/34691.jpg\" alt=\"Algida Tvaroháček tvaroh a jahoda zmrzlina 60ml\" class=\"loading-images loading-image\">\n                </a>\n\n\n\n\n        </div>\n                <div class=\"product-item-info\">\n                <a data-href=\"/?productWidget-widgetCarousel-1-id=17414&amp;do=productWidget-widgetCarousel-1-modal\" class=\"product-name modal-link\" data-target=\"productWidget-widgetCarousel-1-productModal\" onclick=\"kosikAjax.click(this)\" tabindex=\"-1\">\n                    Algida Tvaroháček tvaroh a jahoda zmrzlina 60ml\n                </a>\n            <p class=\"product-item-price \">\n                <span class=\"price-before-discount\">\n\t\t\t\t</span>\n<strong class=\"price\">14,90 Kč</strong>\n\n            </p>\n            <p class=\"product-item-unit\">\n                    (<strong class=\"price\">248,30 Kč</strong> / l)\n            </p>\n                        <div class=\"product-list-rating\">\n            </div>\n<div id=\"snippet-productWidget-widgetCarousel-1-buy-17414-quantity\">        <div class=\"product-quantity-control\">\n            <form action=\"/\" method=\"post\" class=\"ajax\" id=\"frm-productWidget-widgetCarousel-1-buy-17414-quantityForm\">\n                <input type=\"text\" name=\"quantity\" size=\"3\" id=\"frm-productWidget-widgetCarousel-1-buy-17414-quantityForm-quantity\" data-nette-rules=\"[{&quot;op&quot;:&quot;:integer&quot;,&quot;msg&quot;:&quot;Množství musí být číslo.&quot;}]\" value=\"1\" tabindex=\"-1\">\n                <input type=\"submit\" name=\"_submit\" value=\"Přidat\" class=\"product-quantity-control-submit plus\" tabindex=\"-1\">\n            <input type=\"hidden\" name=\"do\" value=\"productWidget-widgetCarousel-1-buy-17414-quantityForm-submit\" tabindex=\"-1\"><!--[if IE]><input type=IEbug disabled style=\"display:none\"><![endif]-->\n</form>\n\n        </div>\n</div>\n\n        </div>\n\n        \n    </div><div id=\"product-append-6321\" class=\"product-item slick-slide\" style=\"width: 253px;\" data-slick-index=\"87\" aria-hidden=\"true\" tabindex=\"-1\" role=\"option\" aria-describedby=\"slick-slide187\">\n        <div class=\"product-item-flags\">\n        </div>\n        <div class=\"product-item-image\">\n                <a data-href=\"/?productWidget-widgetCarousel-1-id=6321&amp;do=productWidget-widgetCarousel-1-modal\" data-target=\"productWidget-widgetCarousel-1-productModal\" onclick=\"kosikAjax.click(this)\" tabindex=\"-1\">\n                    <img src=\"https://cdn.kosik.cz/content/product/jpg/list-retina/empty.jpg\" data-src=\"https://cdn.kosik.cz/content/product/jpg/list-retina/8120.jpg\" alt=\"Johnson's Baby Šampon uklidňující s výtažkem z levandule 200ml\" class=\"loading-images loading-image\">\n                </a>\n\n\n\n\n        </div>\n                <div class=\"product-item-info\">\n                <a data-href=\"/?productWidget-widgetCarousel-1-id=6321&amp;do=productWidget-widgetCarousel-1-modal\" class=\"product-name modal-link\" data-target=\"productWidget-widgetCarousel-1-productModal\" onclick=\"kosikAjax.click(this)\" tabindex=\"-1\">\n                    Johnson's Baby Šampon uklidňující s výtažkem z levandule 200ml\n                </a>\n            <p class=\"product-item-price \">\n                <span class=\"price-before-discount\">\n\t\t\t\t</span>\n<strong class=\"price\">65,90 Kč</strong>\n\n            </p>\n            <p class=\"product-item-unit\">\n                    (<strong class=\"price\">329,50 Kč</strong> / l)\n            </p>\n                        <div class=\"product-list-rating\">\n            </div>\n<div id=\"snippet-productWidget-widgetCarousel-1-buy-6321-quantity\">        <div class=\"product-quantity-control\">\n            <form action=\"/\" method=\"post\" class=\"ajax\" id=\"frm-productWidget-widgetCarousel-1-buy-6321-quantityForm\">\n                <input type=\"text\" name=\"quantity\" size=\"3\" id=\"frm-productWidget-widgetCarousel-1-buy-6321-quantityForm-quantity\" data-nette-rules=\"[{&quot;op&quot;:&quot;:integer&quot;,&quot;msg&quot;:&quot;Množství musí být číslo.&quot;}]\" value=\"1\" tabindex=\"-1\">\n                <input type=\"submit\" name=\"_submit\" value=\"Přidat\" class=\"product-quantity-control-submit plus\" tabindex=\"-1\">\n            <input type=\"hidden\" name=\"do\" value=\"productWidget-widgetCarousel-1-buy-6321-quantityForm-submit\" tabindex=\"-1\"><!--[if IE]><input type=IEbug disabled style=\"display:none\"><![endif]-->\n</form>\n\n        </div>\n</div>\n\n        </div>\n\n        \n    </div><div id=\"product-append-19937\" class=\"product-item slick-slide\" style=\"width: 253px;\" data-slick-index=\"88\" aria-hidden=\"true\" tabindex=\"-1\" role=\"option\" aria-describedby=\"slick-slide188\">\n        <div class=\"product-item-flags\">\n        </div>\n        <div class=\"product-item-image\">\n                <a data-href=\"/?productWidget-widgetCarousel-1-id=19937&amp;do=productWidget-widgetCarousel-1-modal\" data-target=\"productWidget-widgetCarousel-1-productModal\" onclick=\"kosikAjax.click(this)\" tabindex=\"-1\">\n                    <img src=\"https://cdn.kosik.cz/content/product/jpg/list-retina/empty.jpg\" data-src=\"https://cdn.kosik.cz/content/product/jpg/list-retina/37189.jpg\" alt=\"Naty ECO dětské tělové mléko 250 ml\" class=\"loading-images loading-image\">\n                </a>\n\n\n\n\n        </div>\n                <div class=\"product-item-info\">\n                <a data-href=\"/?productWidget-widgetCarousel-1-id=19937&amp;do=productWidget-widgetCarousel-1-modal\" class=\"product-name modal-link\" data-target=\"productWidget-widgetCarousel-1-productModal\" onclick=\"kosikAjax.click(this)\" tabindex=\"-1\">\n                    Naty ECO dětské tělové mléko 250 ml\n                </a>\n            <p class=\"product-item-price \">\n                <span class=\"price-before-discount\">\n\t\t\t\t</span>\n<strong class=\"price\">159,90 Kč</strong>\n\n            </p>\n            <p class=\"product-item-unit\">\n                    (<strong class=\"price\">639,60 Kč</strong> / l)\n            </p>\n                        <div class=\"product-list-rating\">\n            </div>\n<div id=\"snippet-productWidget-widgetCarousel-1-buy-19937-quantity\">        <div class=\"product-quantity-control\">\n            <form action=\"/\" method=\"post\" class=\"ajax\" id=\"frm-productWidget-widgetCarousel-1-buy-19937-quantityForm\">\n                <input type=\"text\" name=\"quantity\" size=\"3\" id=\"frm-productWidget-widgetCarousel-1-buy-19937-quantityForm-quantity\" data-nette-rules=\"[{&quot;op&quot;:&quot;:integer&quot;,&quot;msg&quot;:&quot;Množství musí být číslo.&quot;}]\" value=\"1\" tabindex=\"-1\">\n                <input type=\"submit\" name=\"_submit\" value=\"Přidat\" class=\"product-quantity-control-submit plus\" tabindex=\"-1\">\n            <input type=\"hidden\" name=\"do\" value=\"productWidget-widgetCarousel-1-buy-19937-quantityForm-submit\" tabindex=\"-1\"><!--[if IE]><input type=IEbug disabled style=\"display:none\"><![endif]-->\n</form>\n\n        </div>\n</div>\n\n        </div>\n\n        \n    </div><div id=\"product-append-29792\" class=\"product-item slick-slide\" style=\"width: 253px;\" data-slick-index=\"89\" aria-hidden=\"true\" tabindex=\"-1\" role=\"option\" aria-describedby=\"slick-slide189\">\n        <div class=\"product-item-flags\">\n        </div>\n        <div class=\"product-item-image\">\n                <a data-href=\"/?productWidget-widgetCarousel-1-id=29792&amp;do=productWidget-widgetCarousel-1-modal\" data-target=\"productWidget-widgetCarousel-1-productModal\" onclick=\"kosikAjax.click(this)\" tabindex=\"-1\">\n                    <img src=\"https://cdn.kosik.cz/content/product/jpg/list-retina/empty.jpg\" data-src=\"https://cdn.kosik.cz/content/product/jpg/list-retina/47180.jpg\" alt=\"Faho Knedlíky bramborové plněné uzeným masem 300g\" class=\"loading-images loading-image\">\n                </a>\n\n\n\n\n        </div>\n                <div class=\"product-item-info\">\n                <a data-href=\"/?productWidget-widgetCarousel-1-id=29792&amp;do=productWidget-widgetCarousel-1-modal\" class=\"product-name modal-link\" data-target=\"productWidget-widgetCarousel-1-productModal\" onclick=\"kosikAjax.click(this)\" tabindex=\"-1\">\n                    Faho Knedlíky bramborové plněné uzeným masem 300g<br><span class=\"new-product\">Novinka</span>\n                </a>\n            <p class=\"product-item-price \">\n                <span class=\"price-before-discount\">\n\t\t\t\t</span>\n<strong class=\"price\">54,90 Kč</strong>\n\n            </p>\n            <p class=\"product-item-unit\">\n                    (<strong class=\"price\">183,00 Kč</strong> / kg)\n            </p>\n                        <div class=\"product-list-rating\">\n            </div>\n<div id=\"snippet-productWidget-widgetCarousel-1-buy-29792-quantity\">        <div class=\"product-quantity-control\">\n            <form action=\"/\" method=\"post\" class=\"ajax\" id=\"frm-productWidget-widgetCarousel-1-buy-29792-quantityForm\">\n                <input type=\"text\" name=\"quantity\" size=\"3\" id=\"frm-productWidget-widgetCarousel-1-buy-29792-quantityForm-quantity\" data-nette-rules=\"[{&quot;op&quot;:&quot;:integer&quot;,&quot;msg&quot;:&quot;Množství musí být číslo.&quot;}]\" value=\"1\" tabindex=\"-1\">\n                <input type=\"submit\" name=\"_submit\" value=\"Přidat\" class=\"product-quantity-control-submit plus\" tabindex=\"-1\">\n            <input type=\"hidden\" name=\"do\" value=\"productWidget-widgetCarousel-1-buy-29792-quantityForm-submit\" tabindex=\"-1\"><!--[if IE]><input type=IEbug disabled style=\"display:none\"><![endif]-->\n</form>\n\n        </div>\n</div>\n\n        </div>\n\n        \n    </div><div id=\"product-append-89\" class=\"product-item slick-slide\" style=\"width: 253px;\" data-slick-index=\"90\" aria-hidden=\"true\" tabindex=\"-1\" role=\"option\" aria-describedby=\"slick-slide190\">\n        <div class=\"product-item-flags\">\n        </div>\n        <div class=\"product-item-image\">\n                <a data-href=\"/?productWidget-widgetCarousel-1-id=89&amp;do=productWidget-widgetCarousel-1-modal\" data-target=\"productWidget-widgetCarousel-1-productModal\" onclick=\"kosikAjax.click(this)\" tabindex=\"-1\">\n                    <img src=\"https://cdn.kosik.cz/content/product/jpg/list-retina/empty.jpg\" data-src=\"https://cdn.kosik.cz/content/product/jpg/list-retina/94.jpg\" alt=\"Pedigree Rodeo Lahodné závitky na žvýkání s kuřecím masem 70g\" class=\"loading-images loading-image\">\n                </a>\n\n\n\n\n        </div>\n                <div class=\"product-item-info\">\n                <a data-href=\"/?productWidget-widgetCarousel-1-id=89&amp;do=productWidget-widgetCarousel-1-modal\" class=\"product-name modal-link\" data-target=\"productWidget-widgetCarousel-1-productModal\" onclick=\"kosikAjax.click(this)\" tabindex=\"-1\">\n                    Pedigree Rodeo Lahodné závitky na žvýkání s kuřecím masem 70g\n                </a>\n            <p class=\"product-item-price \">\n                <span class=\"price-before-discount\">\n\t\t\t\t</span>\n<strong class=\"price\">26,90 Kč</strong>\n\n            </p>\n            <p class=\"product-item-unit\">\n                    (<strong class=\"price\">384,30 Kč</strong> / kg)\n            </p>\n                        <div class=\"product-list-rating\">\n            </div>\n<div id=\"snippet-productWidget-widgetCarousel-1-buy-89-quantity\">        <div class=\"product-quantity-control\">\n            <form action=\"/\" method=\"post\" class=\"ajax\" id=\"frm-productWidget-widgetCarousel-1-buy-89-quantityForm\">\n                <input type=\"text\" name=\"quantity\" size=\"3\" id=\"frm-productWidget-widgetCarousel-1-buy-89-quantityForm-quantity\" data-nette-rules=\"[{&quot;op&quot;:&quot;:integer&quot;,&quot;msg&quot;:&quot;Množství musí být číslo.&quot;}]\" value=\"1\" tabindex=\"-1\">\n                <input type=\"submit\" name=\"_submit\" value=\"Přidat\" class=\"product-quantity-control-submit plus\" tabindex=\"-1\">\n            <input type=\"hidden\" name=\"do\" value=\"productWidget-widgetCarousel-1-buy-89-quantityForm-submit\" tabindex=\"-1\"><!--[if IE]><input type=IEbug disabled style=\"display:none\"><![endif]-->\n</form>\n\n        </div>\n</div>\n\n        </div>\n\n        \n    </div><div id=\"product-append-11356\" class=\"product-item slick-slide\" style=\"width: 253px;\" data-slick-index=\"91\" aria-hidden=\"true\" tabindex=\"-1\" role=\"option\" aria-describedby=\"slick-slide191\">\n        <div class=\"product-item-flags\">\n        </div>\n        <div class=\"product-item-image\">\n                <a data-href=\"/?productWidget-widgetCarousel-1-id=11356&amp;do=productWidget-widgetCarousel-1-modal\" data-target=\"productWidget-widgetCarousel-1-productModal\" onclick=\"kosikAjax.click(this)\" tabindex=\"-1\">\n                    <img src=\"https://cdn.kosik.cz/content/product/jpg/list-retina/empty.jpg\" data-src=\"https://cdn.kosik.cz/content/product/jpg/list-retina/28909.jpg\" alt=\"Kitekat Drůbeží menu v želé kompletní krmivo pro dospělé kočky 4 x 100g\" class=\"loading-images loading-image\">\n                </a>\n\n\n\n\n        </div>\n                <div class=\"product-item-info\">\n                <a data-href=\"/?productWidget-widgetCarousel-1-id=11356&amp;do=productWidget-widgetCarousel-1-modal\" class=\"product-name modal-link\" data-target=\"productWidget-widgetCarousel-1-productModal\" onclick=\"kosikAjax.click(this)\" tabindex=\"-1\">\n                    Kitekat Drůbeží menu v želé kompletní krmivo pro dospělé kočky 4 x 100g\n                </a>\n            <p class=\"product-item-price \">\n                <span class=\"price-before-discount\">\n\t\t\t\t</span>\n<strong class=\"price\">42,90 Kč</strong>\n\n            </p>\n            <p class=\"product-item-unit\">\n                    (<strong class=\"price\">107,30 Kč</strong> / kg)\n            </p>\n                        <div class=\"product-list-rating\">\n            </div>\n<div id=\"snippet-productWidget-widgetCarousel-1-buy-11356-quantity\">        <div class=\"product-quantity-control\">\n            <form action=\"/\" method=\"post\" class=\"ajax\" id=\"frm-productWidget-widgetCarousel-1-buy-11356-quantityForm\">\n                <input type=\"text\" name=\"quantity\" size=\"3\" id=\"frm-productWidget-widgetCarousel-1-buy-11356-quantityForm-quantity\" data-nette-rules=\"[{&quot;op&quot;:&quot;:integer&quot;,&quot;msg&quot;:&quot;Množství musí být číslo.&quot;}]\" value=\"1\" tabindex=\"-1\">\n                <input type=\"submit\" name=\"_submit\" value=\"Přidat\" class=\"product-quantity-control-submit plus\" tabindex=\"-1\">\n            <input type=\"hidden\" name=\"do\" value=\"productWidget-widgetCarousel-1-buy-11356-quantityForm-submit\" tabindex=\"-1\"><!--[if IE]><input type=IEbug disabled style=\"display:none\"><![endif]-->\n</form>\n\n        </div>\n</div>\n\n        </div>\n\n        \n    </div><div class=\"product-item slick-slide slick-cloned\" style=\"width: 253px;\" data-slick-index=\"92\" aria-hidden=\"true\" tabindex=\"-1\">\n        <div class=\"product-item-flags\">\n        </div>\n        <div class=\"product-item-image\">\n                <a data-href=\"/?productWidget-widgetCarousel-1-id=29131&amp;do=productWidget-widgetCarousel-1-modal\" data-target=\"productWidget-widgetCarousel-1-productModal\" onclick=\"kosikAjax.click(this)\" tabindex=\"-1\">\n                    <img src=\"https://cdn.kosik.cz/content/product/jpg/list-retina/empty.jpg\" data-src=\"https://cdn.kosik.cz/content/product/jpg/list-retina/46506.jpg\" alt=\"Náš Grunt Bio selský jogurt borůvka 200g\" class=\"loading-images loading-image\">\n                </a>\n\n\n\n\n        </div>\n                <div class=\"product-item-info\">\n                <a data-href=\"/?productWidget-widgetCarousel-1-id=29131&amp;do=productWidget-widgetCarousel-1-modal\" class=\"product-name modal-link\" data-target=\"productWidget-widgetCarousel-1-productModal\" onclick=\"kosikAjax.click(this)\" tabindex=\"-1\">\n                    Náš Grunt Bio selský jogurt borůvka 200g\n                </a>\n            <p class=\"product-item-price \">\n                <span class=\"price-before-discount\">\n\t\t\t\t</span>\n<strong class=\"price\">26,90 Kč</strong>\n\n            </p>\n            <p class=\"product-item-unit\">\n                    (<strong class=\"price\">134,50 Kč</strong> / kg)\n            </p>\n                        <div class=\"product-list-rating\">\n            </div>\n<div id=\"\">        <div class=\"product-quantity-control\">\n            <form action=\"/\" method=\"post\" class=\"ajax\" id=\"\">\n                <input type=\"text\" name=\"quantity\" size=\"3\" id=\"\" data-nette-rules=\"[{&quot;op&quot;:&quot;:integer&quot;,&quot;msg&quot;:&quot;Množství musí být číslo.&quot;}]\" value=\"1\" tabindex=\"-1\">\n                <input type=\"submit\" name=\"_submit\" value=\"Přidat\" class=\"product-quantity-control-submit plus\" tabindex=\"-1\">\n            <input type=\"hidden\" name=\"do\" value=\"productWidget-widgetCarousel-1-buy-29131-quantityForm-submit\" tabindex=\"-1\"><!--[if IE]><input type=IEbug disabled style=\"display:none\"><![endif]-->\n</form>\n\n        </div>\n</div>\n\n        </div>\n\n        \n    </div><div class=\"product-item slick-slide slick-cloned\" style=\"width: 253px;\" data-slick-index=\"93\" aria-hidden=\"true\" tabindex=\"-1\">\n        <div class=\"product-item-flags\">\n        </div>\n        <div class=\"product-item-image\">\n                <a data-href=\"/?productWidget-widgetCarousel-1-id=29207&amp;do=productWidget-widgetCarousel-1-modal\" data-target=\"productWidget-widgetCarousel-1-productModal\" onclick=\"kosikAjax.click(this)\" tabindex=\"-1\">\n                    <img src=\"https://cdn.kosik.cz/content/product/jpg/list-retina/empty.jpg\" data-src=\"https://cdn.kosik.cz/content/product/jpg/list-retina/46581.jpg\" alt=\"Lucozade Energy Caribbean Crush 380ml\" class=\"loading-images loading-image\">\n                </a>\n\n\n\n\n        </div>\n                <div class=\"product-item-info\">\n                <a data-href=\"/?productWidget-widgetCarousel-1-id=29207&amp;do=productWidget-widgetCarousel-1-modal\" class=\"product-name modal-link\" data-target=\"productWidget-widgetCarousel-1-productModal\" onclick=\"kosikAjax.click(this)\" tabindex=\"-1\">\n                    Lucozade Energy Caribbean Crush 380ml\n                </a>\n            <p class=\"product-item-price \">\n                <span class=\"price-before-discount\">\n\t\t\t\t</span>\n<strong class=\"price\">34,90 Kč</strong>\n\n            </p>\n            <p class=\"product-item-unit\">\n                    (<strong class=\"price\">91,80 Kč</strong> / l)\n            </p>\n                        <div class=\"product-list-rating\">\n            </div>\n<div id=\"\">        <div class=\"product-quantity-control\">\n            <form action=\"/\" method=\"post\" class=\"ajax\" id=\"\">\n                <input type=\"text\" name=\"quantity\" size=\"3\" id=\"\" data-nette-rules=\"[{&quot;op&quot;:&quot;:integer&quot;,&quot;msg&quot;:&quot;Množství musí být číslo.&quot;}]\" value=\"1\" tabindex=\"-1\">\n                <input type=\"submit\" name=\"_submit\" value=\"Přidat\" class=\"product-quantity-control-submit plus\" tabindex=\"-1\">\n            <input type=\"hidden\" name=\"do\" value=\"productWidget-widgetCarousel-1-buy-29207-quantityForm-submit\" tabindex=\"-1\"><!--[if IE]><input type=IEbug disabled style=\"display:none\"><![endif]-->\n</form>\n\n        </div>\n</div>\n\n        </div>\n\n        \n    </div><div class=\"product-item slick-slide slick-cloned\" style=\"width: 253px;\" data-slick-index=\"94\" aria-hidden=\"true\" tabindex=\"-1\">\n        <div class=\"product-item-flags\">\n        </div>\n        <div class=\"product-item-image\">\n                <a data-href=\"/?productWidget-widgetCarousel-1-id=27528&amp;do=productWidget-widgetCarousel-1-modal\" data-target=\"productWidget-widgetCarousel-1-productModal\" onclick=\"kosikAjax.click(this)\" tabindex=\"-1\">\n                    <img src=\"https://cdn.kosik.cz/content/product/jpg/list-retina/empty.jpg\" data-src=\"https://cdn.kosik.cz/content/product/jpg/list-retina/44812.jpg\" alt=\"Vinařství Ostrovec Tramín červený pozdní sběr bílé polosuché víno 0,75l\" class=\"loading-images loading-image\">\n                </a>\n\n\n\n\n        </div>\n                <div class=\"product-item-info\">\n                <a data-href=\"/?productWidget-widgetCarousel-1-id=27528&amp;do=productWidget-widgetCarousel-1-modal\" class=\"product-name modal-link\" data-target=\"productWidget-widgetCarousel-1-productModal\" onclick=\"kosikAjax.click(this)\" tabindex=\"-1\">\n                    Vinařství Ostrovec Tramín červený pozdní sběr bílé polosuché víno 0,75l\n                </a>\n            <p class=\"product-item-price \">\n                <span class=\"price-before-discount\">\n\t\t\t\t</span>\n<strong class=\"price\">209,90 Kč</strong>\n\n            </p>\n            <p class=\"product-item-unit\">\n                    (<strong class=\"price\">279,90 Kč</strong> / l)\n            </p>\n                        <div class=\"product-list-rating\">\n            </div>\n<div id=\"\">        <div class=\"product-quantity-control\">\n            <form action=\"/\" method=\"post\" class=\"ajax\" id=\"\">\n                <input type=\"text\" name=\"quantity\" size=\"3\" id=\"\" data-nette-rules=\"[{&quot;op&quot;:&quot;:integer&quot;,&quot;msg&quot;:&quot;Množství musí být číslo.&quot;}]\" value=\"1\" tabindex=\"-1\">\n                <input type=\"submit\" name=\"_submit\" value=\"Přidat\" class=\"product-quantity-control-submit plus\" tabindex=\"-1\">\n            <input type=\"hidden\" name=\"do\" value=\"productWidget-widgetCarousel-1-buy-27528-quantityForm-submit\" tabindex=\"-1\"><!--[if IE]><input type=IEbug disabled style=\"display:none\"><![endif]-->\n</form>\n\n        </div>\n</div>\n\n        </div>\n\n        \n    </div></div></div><button type=\"button\" data-role=\"none\" class=\"slick-next slick-arrow\" aria-label=\"Next\" role=\"button\" style=\"display: block;\">Next</button></div>\n\n\n\n\n\n\t\t\t</div>\n\t\t</div>\n\t\t<div class=\"region region-carousel region-products no-aside product-widget\">\n\t\t\t<div class=\"home-product-widget region-inner region-products-inner slick-carousel\" data-open=\"4\" data-close=\"5\">\n\t\t\t\t<div class=\"block block-title\">\n\t\t\t\t\t<h3>Novinky</h3>\n\t\t\t\t\t\t\t<a class=\"carousel-show-all\" href=\"/novinky\">Zobrazit vše</a>\n\t\t\t\t</div>\n<div class=\"block block-product-items product-items slick-initialized slick-slider\" data-ajax-append=\"product-item\" id=\"snippet-productWidget-widgetCarousel-1novinky-productListArea\"><button type=\"button\" data-role=\"none\" class=\"slick-prev slick-arrow\" aria-label=\"Previous\" role=\"button\" style=\"display: block;\">Previous</button>\n    \n    \n    \n    \n    \n    \n    \n    \n    \n    \n    \n    \n    \n    \n    \n    \n    \n    \n    \n    \n    \n    \n    \n    \n    \n    \n    \n    \n    \n    \n    \n    \n    \n    \n    \n    \n    \n    \n    \n    \n    \n    \n    \n    \n    \n    \n    \n    \n    \n    \n    \n    \n    \n    \n    \n    \n    \n    \n    \n    \n    \n    \n    \n    \n    \n    \n    \n    \n    \n    \n    \n    \n    \n    \n    \n    \n    \n    \n    \n    \n    \n    \n    \n    \n    \n    \n    \n    \n    \n    \n    \n    \n    \n    \n    \n    \n    \n    \n    \n    \n    \n    \n    \n    \n    \n    \n    \n    \n    \n    \n    \n    \n    \n<div aria-live=\"polite\" class=\"slick-list draggable\"><div class=\"slick-track\" style=\"opacity: 1; width: 29988px; transform: translate3d(-756px, 0px, 0px);\" role=\"listbox\"><div class=\"product-item slick-slide slick-cloned\" style=\"width: 253px;\" data-slick-index=\"-3\" aria-hidden=\"true\" tabindex=\"-1\">\n        <div class=\"product-item-flags\">\n        </div>\n        <div class=\"product-item-image\">\n                <a data-href=\"/?productWidget-widgetCarousel-1novinky-id=27500&amp;do=productWidget-widgetCarousel-1novinky-modal\" data-target=\"productWidget-widgetCarousel-1novinky-productModal\" onclick=\"kosikAjax.click(this)\" tabindex=\"-1\">\n                    <img src=\"https://cdn.kosik.cz/content/product/jpg/list-retina/empty.jpg\" data-src=\"https://cdn.kosik.cz/content/product/jpg/list-retina/44784.jpg\" alt=\"Vinium Velké Pavlovice Dornfelder pozdní sběr červené suché víno 0.75l\" class=\"loading-images loading-image\">\n                </a>\n\n\n\n\n        </div>\n                <div class=\"product-item-info\">\n                <a data-href=\"/?productWidget-widgetCarousel-1novinky-id=27500&amp;do=productWidget-widgetCarousel-1novinky-modal\" class=\"product-name modal-link\" data-target=\"productWidget-widgetCarousel-1novinky-productModal\" onclick=\"kosikAjax.click(this)\" tabindex=\"-1\">\n                    Vinium Velké Pavlovice Dornfelder pozdní sběr červené suché víno 0.75l\n                </a>\n            <p class=\"product-item-price \">\n                <span class=\"price-before-discount\">\n\t\t\t\t</span>\n<strong class=\"price\">159,90 Kč</strong>\n\n            </p>\n            <p class=\"product-item-unit\">\n                    (<strong class=\"price\">213,20 Kč</strong> / l)\n            </p>\n                        <div class=\"product-list-rating\">\n            </div>\n<div id=\"\">        <div class=\"product-quantity-control\">\n            <form action=\"/\" method=\"post\" class=\"ajax\" id=\"\">\n                <input type=\"text\" name=\"quantity\" size=\"3\" id=\"\" data-nette-rules=\"[{&quot;op&quot;:&quot;:integer&quot;,&quot;msg&quot;:&quot;Množství musí být číslo.&quot;}]\" value=\"1\" tabindex=\"-1\">\n                <input type=\"submit\" name=\"_submit\" value=\"Přidat\" class=\"product-quantity-control-submit plus\" tabindex=\"-1\">\n            <input type=\"hidden\" name=\"do\" value=\"productWidget-widgetCarousel-1novinky-buy-27500-quantityForm-submit\" tabindex=\"-1\"><!--[if IE]><input type=IEbug disabled style=\"display:none\"><![endif]-->\n</form>\n\n        </div>\n</div>\n\n        </div>\n\n        \n    </div><div class=\"product-item slick-slide slick-cloned\" style=\"width: 253px;\" data-slick-index=\"-2\" aria-hidden=\"true\" tabindex=\"-1\">\n        <div class=\"product-item-flags\">\n        </div>\n        <div class=\"product-item-image\">\n                <a data-href=\"/?productWidget-widgetCarousel-1novinky-id=26150&amp;do=productWidget-widgetCarousel-1novinky-modal\" data-target=\"productWidget-widgetCarousel-1novinky-productModal\" onclick=\"kosikAjax.click(this)\" tabindex=\"-1\">\n                    <img src=\"https://cdn.kosik.cz/content/product/jpg/list-retina/empty.jpg\" data-src=\"https://cdn.kosik.cz/content/product/jpg/list-retina/43424.jpg\" alt=\"Manka řepkový olej 1l\" class=\"loading-images loading-image\">\n                </a>\n\n\n\n\n        </div>\n                <div class=\"product-item-info\">\n                <a data-href=\"/?productWidget-widgetCarousel-1novinky-id=26150&amp;do=productWidget-widgetCarousel-1novinky-modal\" class=\"product-name modal-link\" data-target=\"productWidget-widgetCarousel-1novinky-productModal\" onclick=\"kosikAjax.click(this)\" tabindex=\"-1\">\n                    Manka řepkový olej 1l\n                </a>\n            <p class=\"product-item-price \">\n                <span class=\"price-before-discount\">\n\t\t\t\t</span>\n<strong class=\"price\">44,90 Kč</strong>\n\n            </p>\n            <p class=\"product-item-unit\">\n                    (<strong class=\"price\">44,90 Kč</strong> / l)\n            </p>\n                        <div class=\"product-list-rating\">\n            </div>\n<div id=\"\">        <div class=\"product-quantity-control\">\n            <form action=\"/\" method=\"post\" class=\"ajax\" id=\"\">\n                <input type=\"text\" name=\"quantity\" size=\"3\" id=\"\" data-nette-rules=\"[{&quot;op&quot;:&quot;:integer&quot;,&quot;msg&quot;:&quot;Množství musí být číslo.&quot;}]\" value=\"1\" tabindex=\"-1\">\n                <input type=\"submit\" name=\"_submit\" value=\"Přidat\" class=\"product-quantity-control-submit plus\" tabindex=\"-1\">\n            <input type=\"hidden\" name=\"do\" value=\"productWidget-widgetCarousel-1novinky-buy-26150-quantityForm-submit\" tabindex=\"-1\"><!--[if IE]><input type=IEbug disabled style=\"display:none\"><![endif]-->\n</form>\n\n        </div>\n</div>\n\n        </div>\n\n        \n    </div><div class=\"product-item slick-slide slick-cloned\" style=\"width: 253px;\" data-slick-index=\"-1\" aria-hidden=\"true\" tabindex=\"-1\">\n        <div class=\"product-item-flags\">\n        </div>\n        <div class=\"product-item-image\">\n                <a data-href=\"/?productWidget-widgetCarousel-1novinky-id=27565&amp;do=productWidget-widgetCarousel-1novinky-modal\" data-target=\"productWidget-widgetCarousel-1novinky-productModal\" onclick=\"kosikAjax.click(this)\" tabindex=\"-1\">\n                    <img src=\"https://cdn.kosik.cz/content/product/jpg/list-retina/empty.jpg\" data-src=\"https://cdn.kosik.cz/content/product/jpg/list-retina/44852.jpg\" alt=\"PRAVE Rakovník Klobása se zvěřinou (cca 300g)\" class=\"loading-images loading-image\">\n                </a>\n\n\n\n\n        </div>\n                <div class=\"product-item-info\">\n                <a data-href=\"/?productWidget-widgetCarousel-1novinky-id=27565&amp;do=productWidget-widgetCarousel-1novinky-modal\" class=\"product-name modal-link\" data-target=\"productWidget-widgetCarousel-1novinky-productModal\" onclick=\"kosikAjax.click(this)\" tabindex=\"-1\">\n                    PRAVE Rakovník Klobása se zvěřinou (cca 300g)\n                </a>\n            <p class=\"product-item-price \">\n                <span class=\"price-before-discount\">\n\t\t\t\t</span>\n                <small class=\"circa-prefix\">cca </small><strong class=\"price\">51,00 Kč</strong>\n\n            </p>\n            <p class=\"product-item-unit\">\n                    (<strong class=\"price\">169,90 Kč</strong> / kg)\n            </p>\n                        <div class=\"product-list-rating\">\n            </div>\n<div id=\"\">        <div class=\"product-quantity-control\">\n            <form action=\"/\" method=\"post\" class=\"ajax\" id=\"\">\n                <input type=\"text\" name=\"quantity\" size=\"3\" id=\"\" data-nette-rules=\"[{&quot;op&quot;:&quot;:integer&quot;,&quot;msg&quot;:&quot;Množství musí být číslo.&quot;}]\" value=\"1\" tabindex=\"-1\">\n                <input type=\"submit\" name=\"_submit\" value=\"Přidat\" class=\"product-quantity-control-submit plus\" tabindex=\"-1\">\n            <input type=\"hidden\" name=\"do\" value=\"productWidget-widgetCarousel-1novinky-buy-27565-quantityForm-submit\" tabindex=\"-1\"><!--[if IE]><input type=IEbug disabled style=\"display:none\"><![endif]-->\n</form>\n\n        </div>\n</div>\n\n        </div>\n\n        \n    </div><div id=\"product-append-27489\" class=\"product-item slick-slide slick-current slick-active\" style=\"width: 253px;\" data-slick-index=\"0\" aria-hidden=\"false\" tabindex=\"-1\" role=\"option\" aria-describedby=\"slick-slide20\">\n        <div class=\"product-item-flags\">\n        </div>\n        <div class=\"product-item-image\">\n                <a data-href=\"/?productWidget-widgetCarousel-1novinky-id=27489&amp;do=productWidget-widgetCarousel-1novinky-modal\" data-target=\"productWidget-widgetCarousel-1novinky-productModal\" onclick=\"kosikAjax.click(this)\" tabindex=\"0\">\n                    <img src=\"https://cdn.kosik.cz/content/product/jpg/list-retina/empty.jpg\" data-src=\"https://cdn.kosik.cz/content/product/jpg/list-retina/44773.jpg\" alt=\"Adler Šmakoun švestka se skořicí  200g\" class=\"loading-images loading-image\">\n                </a>\n\n\n\n\n        </div>\n                <div class=\"product-item-info\">\n                <a data-href=\"/?productWidget-widgetCarousel-1novinky-id=27489&amp;do=productWidget-widgetCarousel-1novinky-modal\" class=\"product-name modal-link\" data-target=\"productWidget-widgetCarousel-1novinky-productModal\" onclick=\"kosikAjax.click(this)\" tabindex=\"0\">\n                    Adler Šmakoun švestka se skořicí  200g\n                </a>\n            <p class=\"product-item-price \">\n                <span class=\"price-before-discount\">\n\t\t\t\t</span>\n<strong class=\"price\">49,90 Kč</strong>\n\n            </p>\n            <p class=\"product-item-unit\">\n                    (<strong class=\"price\">249,50 Kč</strong> / kg)\n            </p>\n                        <div class=\"product-list-rating\">\n            </div>\n<div id=\"snippet-productWidget-widgetCarousel-1novinky-buy-27489-quantity\">        <div class=\"product-quantity-control\">\n            <form action=\"/\" method=\"post\" class=\"ajax\" id=\"frm-productWidget-widgetCarousel-1novinky-buy-27489-quantityForm\">\n                <input type=\"text\" name=\"quantity\" size=\"3\" id=\"frm-productWidget-widgetCarousel-1novinky-buy-27489-quantityForm-quantity\" data-nette-rules=\"[{&quot;op&quot;:&quot;:integer&quot;,&quot;msg&quot;:&quot;Množství musí být číslo.&quot;}]\" value=\"1\" tabindex=\"0\">\n                <input type=\"submit\" name=\"_submit\" value=\"Přidat\" class=\"product-quantity-control-submit plus\" tabindex=\"0\">\n            <input type=\"hidden\" name=\"do\" value=\"productWidget-widgetCarousel-1novinky-buy-27489-quantityForm-submit\" tabindex=\"0\"><!--[if IE]><input type=IEbug disabled style=\"display:none\"><![endif]-->\n</form>\n\n        </div>\n</div>\n\n        </div>\n\n        \n    </div><div id=\"product-append-28939\" class=\"product-item slick-slide slick-active\" style=\"width: 253px;\" data-slick-index=\"1\" aria-hidden=\"false\" tabindex=\"-1\" role=\"option\" aria-describedby=\"slick-slide21\">\n        <div class=\"product-item-flags\">\n        </div>\n        <div class=\"product-item-image\">\n                <a data-href=\"/?productWidget-widgetCarousel-1novinky-id=28939&amp;do=productWidget-widgetCarousel-1novinky-modal\" data-target=\"productWidget-widgetCarousel-1novinky-productModal\" onclick=\"kosikAjax.click(this)\" tabindex=\"0\">\n                    <img src=\"https://cdn.kosik.cz/content/product/jpg/list-retina/empty.jpg\" data-src=\"https://cdn.kosik.cz/content/product/jpg/list-retina/46313.jpg\" alt=\"AGRO Substrát pro pokojové rostliny 5 l\" class=\"loading-images loading-image\">\n                </a>\n\n\n\n\n        </div>\n                <div class=\"product-item-info\">\n                <a data-href=\"/?productWidget-widgetCarousel-1novinky-id=28939&amp;do=productWidget-widgetCarousel-1novinky-modal\" class=\"product-name modal-link\" data-target=\"productWidget-widgetCarousel-1novinky-productModal\" onclick=\"kosikAjax.click(this)\" tabindex=\"0\">\n                    AGRO Substrát pro pokojové rostliny 5 l\n                </a>\n            <p class=\"product-item-price \">\n                <span class=\"price-before-discount\">\n\t\t\t\t</span>\n<strong class=\"price\">29,90 Kč</strong>\n\n            </p>\n            <p class=\"product-item-unit\">\n                    (<strong class=\"price\">6,00 Kč</strong> / l)\n            </p>\n                        <div class=\"product-list-rating\">\n            </div>\n<div id=\"snippet-productWidget-widgetCarousel-1novinky-buy-28939-quantity\">        <div class=\"product-quantity-control\">\n            <form action=\"/\" method=\"post\" class=\"ajax\" id=\"frm-productWidget-widgetCarousel-1novinky-buy-28939-quantityForm\">\n                <input type=\"text\" name=\"quantity\" size=\"3\" id=\"frm-productWidget-widgetCarousel-1novinky-buy-28939-quantityForm-quantity\" data-nette-rules=\"[{&quot;op&quot;:&quot;:integer&quot;,&quot;msg&quot;:&quot;Množství musí být číslo.&quot;}]\" value=\"1\" tabindex=\"0\">\n                <input type=\"submit\" name=\"_submit\" value=\"Přidat\" class=\"product-quantity-control-submit plus\" tabindex=\"0\">\n            <input type=\"hidden\" name=\"do\" value=\"productWidget-widgetCarousel-1novinky-buy-28939-quantityForm-submit\" tabindex=\"0\"><!--[if IE]><input type=IEbug disabled style=\"display:none\"><![endif]-->\n</form>\n\n        </div>\n</div>\n\n        </div>\n\n        \n    </div><div id=\"product-append-25820\" class=\"product-item slick-slide slick-active\" style=\"width: 253px;\" data-slick-index=\"2\" aria-hidden=\"false\" tabindex=\"-1\" role=\"option\" aria-describedby=\"slick-slide22\">\n        <div class=\"product-item-flags\">\n        </div>\n        <div class=\"product-item-image\">\n                <a data-href=\"/?productWidget-widgetCarousel-1novinky-id=25820&amp;do=productWidget-widgetCarousel-1novinky-modal\" data-target=\"productWidget-widgetCarousel-1novinky-productModal\" onclick=\"kosikAjax.click(this)\" tabindex=\"0\">\n                    <img src=\"https://cdn.kosik.cz/content/product/jpg/list-retina/empty.jpg\" data-src=\"https://cdn.kosik.cz/content/product/jpg/list-retina/43101.jpg\" alt=\"Titbit Cous-cous s grilovaným kuřetem a zeleninou 250g\" class=\"loading-images loading-image\">\n                </a>\n\n\n\n\n        </div>\n                <div class=\"product-item-info\">\n                <a data-href=\"/?productWidget-widgetCarousel-1novinky-id=25820&amp;do=productWidget-widgetCarousel-1novinky-modal\" class=\"product-name modal-link\" data-target=\"productWidget-widgetCarousel-1novinky-productModal\" onclick=\"kosikAjax.click(this)\" tabindex=\"0\">\n                    Titbit Cous-cous s grilovaným kuřetem a zeleninou 250g\n                </a>\n            <p class=\"product-item-price \">\n                <span class=\"price-before-discount\">\n\t\t\t\t</span>\n<strong class=\"price\">59,90 Kč</strong>\n\n            </p>\n            <p class=\"product-item-unit\">\n                    (<strong class=\"price\">239,60 Kč</strong> / kg)\n            </p>\n                        <div class=\"product-list-rating\">\n            </div>\n<div id=\"snippet-productWidget-widgetCarousel-1novinky-buy-25820-quantity\">        <div class=\"product-quantity-control\">\n            <form action=\"/\" method=\"post\" class=\"ajax\" id=\"frm-productWidget-widgetCarousel-1novinky-buy-25820-quantityForm\">\n                <input type=\"text\" name=\"quantity\" size=\"3\" id=\"frm-productWidget-widgetCarousel-1novinky-buy-25820-quantityForm-quantity\" data-nette-rules=\"[{&quot;op&quot;:&quot;:integer&quot;,&quot;msg&quot;:&quot;Množství musí být číslo.&quot;}]\" value=\"1\" tabindex=\"0\">\n                <input type=\"submit\" name=\"_submit\" value=\"Přidat\" class=\"product-quantity-control-submit plus\" tabindex=\"0\">\n            <input type=\"hidden\" name=\"do\" value=\"productWidget-widgetCarousel-1novinky-buy-25820-quantityForm-submit\" tabindex=\"0\"><!--[if IE]><input type=IEbug disabled style=\"display:none\"><![endif]-->\n</form>\n\n        </div>\n</div>\n\n        </div>\n\n        \n    </div><div id=\"product-append-15759\" class=\"product-item slick-slide\" style=\"width: 253px;\" data-slick-index=\"3\" aria-hidden=\"true\" tabindex=\"-1\" role=\"option\" aria-describedby=\"slick-slide23\">\n        <div class=\"product-item-flags\">\n        </div>\n        <div class=\"product-item-image\">\n                <a data-href=\"/?productWidget-widgetCarousel-1novinky-id=15759&amp;do=productWidget-widgetCarousel-1novinky-modal\" data-target=\"productWidget-widgetCarousel-1novinky-productModal\" onclick=\"kosikAjax.click(this)\" tabindex=\"-1\">\n                    <img src=\"https://cdn.kosik.cz/content/product/jpg/list-retina/empty.jpg\" data-src=\"https://cdn.kosik.cz/content/product/jpg/list-retina/33027.jpg\" alt=\"Kitl Syrob Bezový květ 500ml\" class=\"loading-images loading-image\">\n                </a>\n\n\n\n\n        </div>\n                <div class=\"product-item-info\">\n                <a data-href=\"/?productWidget-widgetCarousel-1novinky-id=15759&amp;do=productWidget-widgetCarousel-1novinky-modal\" class=\"product-name modal-link\" data-target=\"productWidget-widgetCarousel-1novinky-productModal\" onclick=\"kosikAjax.click(this)\" tabindex=\"-1\">\n                    Kitl Syrob Bezový květ 500ml\n                </a>\n            <p class=\"product-item-price \">\n                <span class=\"price-before-discount\">\n\t\t\t\t</span>\n<strong class=\"price\">119,00 Kč</strong>\n\n            </p>\n            <p class=\"product-item-unit\">\n                    (<strong class=\"price\">238,00 Kč</strong> / l)\n            </p>\n                        <div class=\"product-list-rating\">\n            </div>\n<div id=\"snippet-productWidget-widgetCarousel-1novinky-buy-15759-quantity\">        <div class=\"product-quantity-control\">\n            <form action=\"/\" method=\"post\" class=\"ajax\" id=\"frm-productWidget-widgetCarousel-1novinky-buy-15759-quantityForm\">\n                <input type=\"text\" name=\"quantity\" size=\"3\" id=\"frm-productWidget-widgetCarousel-1novinky-buy-15759-quantityForm-quantity\" data-nette-rules=\"[{&quot;op&quot;:&quot;:integer&quot;,&quot;msg&quot;:&quot;Množství musí být číslo.&quot;}]\" value=\"1\" tabindex=\"-1\">\n                <input type=\"submit\" name=\"_submit\" value=\"Přidat\" class=\"product-quantity-control-submit plus\" tabindex=\"-1\">\n            <input type=\"hidden\" name=\"do\" value=\"productWidget-widgetCarousel-1novinky-buy-15759-quantityForm-submit\" tabindex=\"-1\"><!--[if IE]><input type=IEbug disabled style=\"display:none\"><![endif]-->\n</form>\n\n        </div>\n</div>\n\n        </div>\n\n        \n    </div><div id=\"product-append-26688\" class=\"product-item slick-slide\" style=\"width: 253px;\" data-slick-index=\"4\" aria-hidden=\"true\" tabindex=\"-1\" role=\"option\" aria-describedby=\"slick-slide24\">\n        <div class=\"product-item-flags\">\n        </div>\n        <div class=\"product-item-image\">\n                <a data-href=\"/?productWidget-widgetCarousel-1novinky-id=26688&amp;do=productWidget-widgetCarousel-1novinky-modal\" data-target=\"productWidget-widgetCarousel-1novinky-productModal\" onclick=\"kosikAjax.click(this)\" tabindex=\"-1\">\n                    <img src=\"https://cdn.kosik.cz/content/product/jpg/list-retina/empty.jpg\" data-src=\"https://cdn.kosik.cz/content/product/jpg/list-retina/43911.jpg\" alt=\"Penam Večerní chlebík 250g\" class=\"loading-images loading-image\">\n                </a>\n\n\n\n\n        </div>\n                <div class=\"product-item-info\">\n                <a data-href=\"/?productWidget-widgetCarousel-1novinky-id=26688&amp;do=productWidget-widgetCarousel-1novinky-modal\" class=\"product-name modal-link\" data-target=\"productWidget-widgetCarousel-1novinky-productModal\" onclick=\"kosikAjax.click(this)\" tabindex=\"-1\">\n                    Penam Večerní chlebík 250g\n                </a>\n            <p class=\"product-item-price \">\n                <span class=\"price-before-discount\">\n\t\t\t\t</span>\n<strong class=\"price\">35,90 Kč</strong>\n\n            </p>\n            <p class=\"product-item-unit\">\n                    (<strong class=\"price\">143,60 Kč</strong> / kg)\n            </p>\n                        <div class=\"product-list-rating\">\n                <span><ul class=\"rating\"><li class=\"rating-children rating-1 up\" data-rating=\"1\"><i class=\"fa fa-star\"></i></li><li class=\"rating-children rating-2 up\" data-rating=\"2\"><i class=\"fa fa-star\"></i></li><li class=\"rating-children rating-3 up\" data-rating=\"3\"><i class=\"fa fa-star\"></i></li><li class=\"rating-children rating-4 up\" data-rating=\"4\"><i class=\"fa fa-star\"></i></li><li class=\"rating-children rating-5 up\" data-rating=\"5\"><i class=\"fa fa-star\"></i></li></ul></span>\n            </div>\n<div id=\"snippet-productWidget-widgetCarousel-1novinky-buy-26688-quantity\">        <div class=\"product-quantity-control\">\n            <form action=\"/\" method=\"post\" class=\"ajax\" id=\"frm-productWidget-widgetCarousel-1novinky-buy-26688-quantityForm\">\n                <input type=\"text\" name=\"quantity\" size=\"3\" id=\"frm-productWidget-widgetCarousel-1novinky-buy-26688-quantityForm-quantity\" data-nette-rules=\"[{&quot;op&quot;:&quot;:integer&quot;,&quot;msg&quot;:&quot;Množství musí být číslo.&quot;}]\" value=\"1\" tabindex=\"-1\">\n                <input type=\"submit\" name=\"_submit\" value=\"Přidat\" class=\"product-quantity-control-submit plus\" tabindex=\"-1\">\n            <input type=\"hidden\" name=\"do\" value=\"productWidget-widgetCarousel-1novinky-buy-26688-quantityForm-submit\" tabindex=\"-1\"><!--[if IE]><input type=IEbug disabled style=\"display:none\"><![endif]-->\n</form>\n\n        </div>\n</div>\n\n        </div>\n\n        \n    </div><div id=\"product-append-7874\" class=\"product-item slick-slide\" style=\"width: 253px;\" data-slick-index=\"5\" aria-hidden=\"true\" tabindex=\"-1\" role=\"option\" aria-describedby=\"slick-slide25\">\n        <div class=\"product-item-flags\">\n        </div>\n        <div class=\"product-item-image\">\n                <a data-href=\"/?productWidget-widgetCarousel-1novinky-id=7874&amp;do=productWidget-widgetCarousel-1novinky-modal\" data-target=\"productWidget-widgetCarousel-1novinky-productModal\" onclick=\"kosikAjax.click(this)\" tabindex=\"-1\">\n                    <img src=\"https://cdn.kosik.cz/content/product/jpg/list-retina/empty.jpg\" data-src=\"https://cdn.kosik.cz/content/product/jpg/list-retina/13348.jpg\" alt=\"Zanetti Pecorino Romano tvrdý ovčí sýr 200g\" class=\"loading-images loading-image\">\n                </a>\n\n\n\n\n        </div>\n                <div class=\"product-item-info\">\n                <a data-href=\"/?productWidget-widgetCarousel-1novinky-id=7874&amp;do=productWidget-widgetCarousel-1novinky-modal\" class=\"product-name modal-link\" data-target=\"productWidget-widgetCarousel-1novinky-productModal\" onclick=\"kosikAjax.click(this)\" tabindex=\"-1\">\n                    Zanetti Pecorino Romano tvrdý ovčí sýr 200g\n                </a>\n            <p class=\"product-item-price \">\n                <span class=\"price-before-discount\">\n\t\t\t\t</span>\n<strong class=\"price\">129,00 Kč</strong>\n\n            </p>\n            <p class=\"product-item-unit\">\n                    (<strong class=\"price\">645,00 Kč</strong> / kg)\n            </p>\n                        <div class=\"product-list-rating\">\n            </div>\n<div id=\"snippet-productWidget-widgetCarousel-1novinky-buy-7874-quantity\">        <div class=\"product-quantity-control\">\n            <form action=\"/\" method=\"post\" class=\"ajax\" id=\"frm-productWidget-widgetCarousel-1novinky-buy-7874-quantityForm\">\n                <input type=\"text\" name=\"quantity\" size=\"3\" id=\"frm-productWidget-widgetCarousel-1novinky-buy-7874-quantityForm-quantity\" data-nette-rules=\"[{&quot;op&quot;:&quot;:integer&quot;,&quot;msg&quot;:&quot;Množství musí být číslo.&quot;}]\" value=\"1\" tabindex=\"-1\">\n                <input type=\"submit\" name=\"_submit\" value=\"Přidat\" class=\"product-quantity-control-submit plus\" tabindex=\"-1\">\n            <input type=\"hidden\" name=\"do\" value=\"productWidget-widgetCarousel-1novinky-buy-7874-quantityForm-submit\" tabindex=\"-1\"><!--[if IE]><input type=IEbug disabled style=\"display:none\"><![endif]-->\n</form>\n\n        </div>\n</div>\n\n        </div>\n\n        \n    </div><div id=\"product-append-25768\" class=\"product-item slick-slide\" style=\"width: 253px;\" data-slick-index=\"6\" aria-hidden=\"true\" tabindex=\"-1\" role=\"option\" aria-describedby=\"slick-slide26\">\n        <div class=\"product-item-flags\">\n        </div>\n        <div class=\"product-item-image\">\n                <a data-href=\"/?productWidget-widgetCarousel-1novinky-id=25768&amp;do=productWidget-widgetCarousel-1novinky-modal\" data-target=\"productWidget-widgetCarousel-1novinky-productModal\" onclick=\"kosikAjax.click(this)\" tabindex=\"-1\">\n                    <img src=\"https://cdn.kosik.cz/content/product/jpg/list-retina/empty.jpg\" data-src=\"https://cdn.kosik.cz/content/product/jpg/list-retina/43049.jpg\" alt=\"Sumeček africký filet s kůží cca 250g\" class=\"loading-images loading-image\">\n                </a>\n\n\n\n\n        </div>\n                <div class=\"product-item-info\">\n                <a data-href=\"/?productWidget-widgetCarousel-1novinky-id=25768&amp;do=productWidget-widgetCarousel-1novinky-modal\" class=\"product-name modal-link\" data-target=\"productWidget-widgetCarousel-1novinky-productModal\" onclick=\"kosikAjax.click(this)\" tabindex=\"-1\">\n                    Sumeček africký filet s kůží cca 250g<br><span class=\"new-product\">Novinka</span>\n                </a>\n            <p class=\"product-item-price \">\n                <span class=\"price-before-discount\">\n\t\t\t\t</span>\n                <small class=\"circa-prefix\">cca </small><strong class=\"price\">87,30 Kč</strong>\n\n            </p>\n            <p class=\"product-item-unit\">\n                    (<strong class=\"price\">349,00 Kč</strong> / kg)\n            </p>\n                        <div class=\"product-list-rating\">\n            </div>\n<div id=\"snippet-productWidget-widgetCarousel-1novinky-buy-25768-quantity\">        <div class=\"product-quantity-control\">\n            <form action=\"/\" method=\"post\" class=\"ajax\" id=\"frm-productWidget-widgetCarousel-1novinky-buy-25768-quantityForm\">\n                <input type=\"text\" name=\"quantity\" size=\"3\" id=\"frm-productWidget-widgetCarousel-1novinky-buy-25768-quantityForm-quantity\" data-nette-rules=\"[{&quot;op&quot;:&quot;:integer&quot;,&quot;msg&quot;:&quot;Množství musí být číslo.&quot;}]\" value=\"1\" tabindex=\"-1\">\n                <input type=\"submit\" name=\"_submit\" value=\"Přidat\" class=\"product-quantity-control-submit plus\" tabindex=\"-1\">\n            <input type=\"hidden\" name=\"do\" value=\"productWidget-widgetCarousel-1novinky-buy-25768-quantityForm-submit\" tabindex=\"-1\"><!--[if IE]><input type=IEbug disabled style=\"display:none\"><![endif]-->\n</form>\n\n        </div>\n</div>\n\n        </div>\n\n        \n    </div><div id=\"product-append-27014\" class=\"product-item slick-slide\" style=\"width: 253px;\" data-slick-index=\"7\" aria-hidden=\"true\" tabindex=\"-1\" role=\"option\" aria-describedby=\"slick-slide27\">\n        <div class=\"product-item-flags\">\n        </div>\n        <div class=\"product-item-image\">\n                <a data-href=\"/?productWidget-widgetCarousel-1novinky-id=27014&amp;do=productWidget-widgetCarousel-1novinky-modal\" data-target=\"productWidget-widgetCarousel-1novinky-productModal\" onclick=\"kosikAjax.click(this)\" tabindex=\"-1\">\n                    <img src=\"https://cdn.kosik.cz/content/product/jpg/list-retina/empty.jpg\" data-src=\"https://cdn.kosik.cz/content/product/jpg/list-retina/44245.jpg\" alt=\"Hostivařský pecen 1000g\" class=\"loading-images loading-image\">\n                </a>\n\n\n\n\n        </div>\n                <div class=\"product-item-info\">\n                <a data-href=\"/?productWidget-widgetCarousel-1novinky-id=27014&amp;do=productWidget-widgetCarousel-1novinky-modal\" class=\"product-name modal-link\" data-target=\"productWidget-widgetCarousel-1novinky-productModal\" onclick=\"kosikAjax.click(this)\" tabindex=\"-1\">\n                    Hostivařský pecen 1000g\n                </a>\n            <p class=\"product-item-price \">\n                <span class=\"price-before-discount\">\n\t\t\t\t</span>\n<strong class=\"price\">36,90 Kč</strong>\n\n            </p>\n            <p class=\"product-item-unit\">\n                    (<strong class=\"price\">36,90 Kč</strong> / kg)\n            </p>\n                        <div class=\"product-list-rating\">\n                <span><ul class=\"rating\"><li class=\"rating-children rating-1 up\" data-rating=\"1\"><i class=\"fa fa-star\"></i></li><li class=\"rating-children rating-2 up\" data-rating=\"2\"><i class=\"fa fa-star\"></i></li><li class=\"rating-children rating-3 up\" data-rating=\"3\"><i class=\"fa fa-star\"></i></li><li class=\"rating-children rating-4 up\" data-rating=\"4\"><i class=\"fa fa-star\"></i></li><li class=\"rating-children rating-5 up\" data-rating=\"5\"><i class=\"fa fa-star\"></i></li></ul></span>\n            </div>\n<div id=\"snippet-productWidget-widgetCarousel-1novinky-buy-27014-quantity\">        <div class=\"product-quantity-control\">\n            <form action=\"/\" method=\"post\" class=\"ajax\" id=\"frm-productWidget-widgetCarousel-1novinky-buy-27014-quantityForm\">\n                <input type=\"text\" name=\"quantity\" size=\"3\" id=\"frm-productWidget-widgetCarousel-1novinky-buy-27014-quantityForm-quantity\" data-nette-rules=\"[{&quot;op&quot;:&quot;:integer&quot;,&quot;msg&quot;:&quot;Množství musí být číslo.&quot;}]\" value=\"1\" tabindex=\"-1\">\n                <input type=\"submit\" name=\"_submit\" value=\"Přidat\" class=\"product-quantity-control-submit plus\" tabindex=\"-1\">\n            <input type=\"hidden\" name=\"do\" value=\"productWidget-widgetCarousel-1novinky-buy-27014-quantityForm-submit\" tabindex=\"-1\"><!--[if IE]><input type=IEbug disabled style=\"display:none\"><![endif]-->\n</form>\n\n        </div>\n</div>\n\n        </div>\n\n        \n    </div><div id=\"product-append-25909\" class=\"product-item slick-slide\" style=\"width: 253px;\" data-slick-index=\"8\" aria-hidden=\"true\" tabindex=\"-1\" role=\"option\" aria-describedby=\"slick-slide28\">\n        <div class=\"product-item-flags\">\n        </div>\n        <div class=\"product-item-image\">\n                <a data-href=\"/?productWidget-widgetCarousel-1novinky-id=25909&amp;do=productWidget-widgetCarousel-1novinky-modal\" data-target=\"productWidget-widgetCarousel-1novinky-productModal\" onclick=\"kosikAjax.click(this)\" tabindex=\"-1\">\n                    <img src=\"https://cdn.kosik.cz/content/product/jpg/list-retina/empty.jpg\" data-src=\"https://cdn.kosik.cz/content/product/jpg/list-retina/43189.jpg\" alt=\"Titbit Granátové jablko loupané 125g\" class=\"loading-images loading-image\">\n                </a>\n\n\n\n\n        </div>\n                <div class=\"product-item-info\">\n                <a data-href=\"/?productWidget-widgetCarousel-1novinky-id=25909&amp;do=productWidget-widgetCarousel-1novinky-modal\" class=\"product-name modal-link\" data-target=\"productWidget-widgetCarousel-1novinky-productModal\" onclick=\"kosikAjax.click(this)\" tabindex=\"-1\">\n                    Titbit Granátové jablko loupané 125g\n                </a>\n            <p class=\"product-item-price \">\n                <span class=\"price-before-discount\">\n\t\t\t\t</span>\n<strong class=\"price\">39,90 Kč</strong>\n\n            </p>\n            <p class=\"product-item-unit\">\n                    (<strong class=\"price\">319,20 Kč</strong> / kg)\n            </p>\n                        <div class=\"product-list-rating\">\n            </div>\n<div id=\"snippet-productWidget-widgetCarousel-1novinky-buy-25909-quantity\">        <div class=\"product-quantity-control\">\n            <form action=\"/\" method=\"post\" class=\"ajax\" id=\"frm-productWidget-widgetCarousel-1novinky-buy-25909-quantityForm\">\n                <input type=\"text\" name=\"quantity\" size=\"3\" id=\"frm-productWidget-widgetCarousel-1novinky-buy-25909-quantityForm-quantity\" data-nette-rules=\"[{&quot;op&quot;:&quot;:integer&quot;,&quot;msg&quot;:&quot;Množství musí být číslo.&quot;}]\" value=\"1\" tabindex=\"-1\">\n                <input type=\"submit\" name=\"_submit\" value=\"Přidat\" class=\"product-quantity-control-submit plus\" tabindex=\"-1\">\n            <input type=\"hidden\" name=\"do\" value=\"productWidget-widgetCarousel-1novinky-buy-25909-quantityForm-submit\" tabindex=\"-1\"><!--[if IE]><input type=IEbug disabled style=\"display:none\"><![endif]-->\n</form>\n\n        </div>\n</div>\n\n        </div>\n\n        \n    </div><div id=\"product-append-27490\" class=\"product-item slick-slide\" style=\"width: 253px;\" data-slick-index=\"9\" aria-hidden=\"true\" tabindex=\"-1\" role=\"option\" aria-describedby=\"slick-slide29\">\n        <div class=\"product-item-flags\">\n        </div>\n        <div class=\"product-item-image\">\n                <a data-href=\"/?productWidget-widgetCarousel-1novinky-id=27490&amp;do=productWidget-widgetCarousel-1novinky-modal\" data-target=\"productWidget-widgetCarousel-1novinky-productModal\" onclick=\"kosikAjax.click(this)\" tabindex=\"-1\">\n                    <img src=\"https://cdn.kosik.cz/content/product/jpg/list-retina/empty.jpg\" data-src=\"https://cdn.kosik.cz/content/product/jpg/list-retina/44774.jpg\" alt=\"Adler Šmakoun provensálské koření  200g\" class=\"loading-images loading-image\">\n                </a>\n\n\n\n\n        </div>\n                <div class=\"product-item-info\">\n                <a data-href=\"/?productWidget-widgetCarousel-1novinky-id=27490&amp;do=productWidget-widgetCarousel-1novinky-modal\" class=\"product-name modal-link\" data-target=\"productWidget-widgetCarousel-1novinky-productModal\" onclick=\"kosikAjax.click(this)\" tabindex=\"-1\">\n                    Adler Šmakoun provensálské koření  200g\n                </a>\n            <p class=\"product-item-price \">\n                <span class=\"price-before-discount\">\n\t\t\t\t</span>\n<strong class=\"price\">49,90 Kč</strong>\n\n            </p>\n            <p class=\"product-item-unit\">\n                    (<strong class=\"price\">249,50 Kč</strong> / kg)\n            </p>\n                        <div class=\"product-list-rating\">\n            </div>\n<div id=\"snippet-productWidget-widgetCarousel-1novinky-buy-27490-quantity\">        <div class=\"product-quantity-control\">\n            <form action=\"/\" method=\"post\" class=\"ajax\" id=\"frm-productWidget-widgetCarousel-1novinky-buy-27490-quantityForm\">\n                <input type=\"text\" name=\"quantity\" size=\"3\" id=\"frm-productWidget-widgetCarousel-1novinky-buy-27490-quantityForm-quantity\" data-nette-rules=\"[{&quot;op&quot;:&quot;:integer&quot;,&quot;msg&quot;:&quot;Množství musí být číslo.&quot;}]\" value=\"1\" tabindex=\"-1\">\n                <input type=\"submit\" name=\"_submit\" value=\"Přidat\" class=\"product-quantity-control-submit plus\" tabindex=\"-1\">\n            <input type=\"hidden\" name=\"do\" value=\"productWidget-widgetCarousel-1novinky-buy-27490-quantityForm-submit\" tabindex=\"-1\"><!--[if IE]><input type=IEbug disabled style=\"display:none\"><![endif]-->\n</form>\n\n        </div>\n</div>\n\n        </div>\n\n        \n    </div><div id=\"product-append-25762\" class=\"product-item slick-slide\" style=\"width: 253px;\" data-slick-index=\"10\" aria-hidden=\"true\" tabindex=\"-1\" role=\"option\" aria-describedby=\"slick-slide210\">\n        <div class=\"product-item-flags\">\n        </div>\n        <div class=\"product-item-image\">\n                <a data-href=\"/?productWidget-widgetCarousel-1novinky-id=25762&amp;do=productWidget-widgetCarousel-1novinky-modal\" data-target=\"productWidget-widgetCarousel-1novinky-productModal\" onclick=\"kosikAjax.click(this)\" tabindex=\"-1\">\n                    <img src=\"https://cdn.kosik.cz/content/product/jpg/list-retina/empty.jpg\" data-src=\"https://cdn.kosik.cz/content/product/jpg/list-retina/43043.jpg\" alt=\"Candát obecný filet s kůží skin cca 250g\" class=\"loading-images loading-image\">\n                </a>\n\n\n\n\n        </div>\n                <div class=\"product-item-info\">\n                <a data-href=\"/?productWidget-widgetCarousel-1novinky-id=25762&amp;do=productWidget-widgetCarousel-1novinky-modal\" class=\"product-name modal-link\" data-target=\"productWidget-widgetCarousel-1novinky-productModal\" onclick=\"kosikAjax.click(this)\" tabindex=\"-1\">\n                    Candát obecný filet s kůží skin cca 250g\n                </a>\n            <p class=\"product-item-price \">\n                <span class=\"price-before-discount\">\n\t\t\t\t</span>\n                <small class=\"circa-prefix\">cca </small><strong class=\"price\">144,90 Kč</strong>\n\n            </p>\n            <p class=\"product-item-unit\">\n                    (<strong class=\"price\">579,60 Kč</strong> / Kg)\n            </p>\n                        <div class=\"product-list-rating\">\n            </div>\n<div id=\"snippet-productWidget-widgetCarousel-1novinky-buy-25762-quantity\">        <div class=\"product-quantity-control\">\n            <form action=\"/\" method=\"post\" class=\"ajax\" id=\"frm-productWidget-widgetCarousel-1novinky-buy-25762-quantityForm\">\n                <input type=\"text\" name=\"quantity\" size=\"3\" id=\"frm-productWidget-widgetCarousel-1novinky-buy-25762-quantityForm-quantity\" data-nette-rules=\"[{&quot;op&quot;:&quot;:integer&quot;,&quot;msg&quot;:&quot;Množství musí být číslo.&quot;}]\" value=\"1\" tabindex=\"-1\">\n                <input type=\"submit\" name=\"_submit\" value=\"Přidat\" class=\"product-quantity-control-submit plus\" tabindex=\"-1\">\n            <input type=\"hidden\" name=\"do\" value=\"productWidget-widgetCarousel-1novinky-buy-25762-quantityForm-submit\" tabindex=\"-1\"><!--[if IE]><input type=IEbug disabled style=\"display:none\"><![endif]-->\n</form>\n\n        </div>\n</div>\n\n        </div>\n\n        \n    </div><div id=\"product-append-25917\" class=\"product-item slick-slide\" style=\"width: 253px;\" data-slick-index=\"11\" aria-hidden=\"true\" tabindex=\"-1\" role=\"option\" aria-describedby=\"slick-slide211\">\n        <div class=\"product-item-flags\">\n        </div>\n        <div class=\"product-item-image\">\n                <a data-href=\"/?productWidget-widgetCarousel-1novinky-id=25917&amp;do=productWidget-widgetCarousel-1novinky-modal\" data-target=\"productWidget-widgetCarousel-1novinky-productModal\" onclick=\"kosikAjax.click(this)\" tabindex=\"-1\">\n                    <img src=\"https://cdn.kosik.cz/content/product/jpg/list-retina/empty.jpg\" data-src=\"https://cdn.kosik.cz/content/product/jpg/list-retina/43197.jpg\" alt=\"Chia kokos ananas 150g\" class=\"loading-images loading-image\">\n                </a>\n\n\n\n\n        </div>\n                <div class=\"product-item-info\">\n                <a data-href=\"/?productWidget-widgetCarousel-1novinky-id=25917&amp;do=productWidget-widgetCarousel-1novinky-modal\" class=\"product-name modal-link\" data-target=\"productWidget-widgetCarousel-1novinky-productModal\" onclick=\"kosikAjax.click(this)\" tabindex=\"-1\">\n                    Chia kokos ananas 150g\n                </a>\n            <p class=\"product-item-price \">\n                <span class=\"price-before-discount\">\n\t\t\t\t</span>\n<strong class=\"price\">41,90 Kč</strong>\n\n            </p>\n            <p class=\"product-item-unit\">\n                    (<strong class=\"price\">279,30 Kč</strong> / kg)\n            </p>\n                        <div class=\"product-list-rating\">\n            </div>\n<div id=\"snippet-productWidget-widgetCarousel-1novinky-buy-25917-quantity\">        <div class=\"product-quantity-control\">\n            <form action=\"/\" method=\"post\" class=\"ajax\" id=\"frm-productWidget-widgetCarousel-1novinky-buy-25917-quantityForm\">\n                <input type=\"text\" name=\"quantity\" size=\"3\" id=\"frm-productWidget-widgetCarousel-1novinky-buy-25917-quantityForm-quantity\" data-nette-rules=\"[{&quot;op&quot;:&quot;:integer&quot;,&quot;msg&quot;:&quot;Množství musí být číslo.&quot;}]\" value=\"1\" tabindex=\"-1\">\n                <input type=\"submit\" name=\"_submit\" value=\"Přidat\" class=\"product-quantity-control-submit plus\" tabindex=\"-1\">\n            <input type=\"hidden\" name=\"do\" value=\"productWidget-widgetCarousel-1novinky-buy-25917-quantityForm-submit\" tabindex=\"-1\"><!--[if IE]><input type=IEbug disabled style=\"display:none\"><![endif]-->\n</form>\n\n        </div>\n</div>\n\n        </div>\n\n        \n    </div><div id=\"product-append-26423\" class=\"product-item slick-slide\" style=\"width: 253px;\" data-slick-index=\"12\" aria-hidden=\"true\" tabindex=\"-1\" role=\"option\" aria-describedby=\"slick-slide212\">\n        <div class=\"product-item-flags\">\n        </div>\n        <div class=\"product-item-image\">\n                <a data-href=\"/?productWidget-widgetCarousel-1novinky-id=26423&amp;do=productWidget-widgetCarousel-1novinky-modal\" data-target=\"productWidget-widgetCarousel-1novinky-productModal\" onclick=\"kosikAjax.click(this)\" tabindex=\"-1\">\n                    <img src=\"https://cdn.kosik.cz/content/product/jpg/list-retina/empty.jpg\" data-src=\"https://cdn.kosik.cz/content/product/jpg/list-retina/43696.jpg\" alt=\"Kapucín Skyr jahoda 140g\" class=\"loading-images loading-image\">\n                </a>\n\n\n\n\n        </div>\n                <div class=\"product-item-info\">\n                <a data-href=\"/?productWidget-widgetCarousel-1novinky-id=26423&amp;do=productWidget-widgetCarousel-1novinky-modal\" class=\"product-name modal-link\" data-target=\"productWidget-widgetCarousel-1novinky-productModal\" onclick=\"kosikAjax.click(this)\" tabindex=\"-1\">\n                    Kapucín Skyr jahoda 140g\n                </a>\n            <p class=\"product-item-price \">\n                <span class=\"price-before-discount\">\n\t\t\t\t</span>\n<strong class=\"price\">16,90 Kč</strong>\n\n            </p>\n            <p class=\"product-item-unit\">\n                    (<strong class=\"price\">120,70 Kč</strong> / kg)\n            </p>\n                        <div class=\"product-list-rating\">\n            </div>\n<div id=\"snippet-productWidget-widgetCarousel-1novinky-buy-26423-quantity\">        <div class=\"product-quantity-control\">\n            <form action=\"/\" method=\"post\" class=\"ajax\" id=\"frm-productWidget-widgetCarousel-1novinky-buy-26423-quantityForm\">\n                <input type=\"text\" name=\"quantity\" size=\"3\" id=\"frm-productWidget-widgetCarousel-1novinky-buy-26423-quantityForm-quantity\" data-nette-rules=\"[{&quot;op&quot;:&quot;:integer&quot;,&quot;msg&quot;:&quot;Množství musí být číslo.&quot;}]\" value=\"1\" tabindex=\"-1\">\n                <input type=\"submit\" name=\"_submit\" value=\"Přidat\" class=\"product-quantity-control-submit plus\" tabindex=\"-1\">\n            <input type=\"hidden\" name=\"do\" value=\"productWidget-widgetCarousel-1novinky-buy-26423-quantityForm-submit\" tabindex=\"-1\"><!--[if IE]><input type=IEbug disabled style=\"display:none\"><![endif]-->\n</form>\n\n        </div>\n</div>\n\n        </div>\n\n        \n    </div><div id=\"product-append-26940\" class=\"product-item slick-slide\" style=\"width: 253px;\" data-slick-index=\"13\" aria-hidden=\"true\" tabindex=\"-1\" role=\"option\" aria-describedby=\"slick-slide213\">\n        <div class=\"product-item-flags\">\n        </div>\n        <div class=\"product-item-image\">\n                <a data-href=\"/?productWidget-widgetCarousel-1novinky-id=26940&amp;do=productWidget-widgetCarousel-1novinky-modal\" data-target=\"productWidget-widgetCarousel-1novinky-productModal\" onclick=\"kosikAjax.click(this)\" tabindex=\"-1\">\n                    <img src=\"https://cdn.kosik.cz/content/product/jpg/list-retina/empty.jpg\" data-src=\"https://cdn.kosik.cz/content/product/jpg/list-retina/44164.jpg\" alt=\"Kitl syrob višňový 500ml\" class=\"loading-images loading-image\">\n                </a>\n\n\n\n\n        </div>\n                <div class=\"product-item-info\">\n                <a data-href=\"/?productWidget-widgetCarousel-1novinky-id=26940&amp;do=productWidget-widgetCarousel-1novinky-modal\" class=\"product-name modal-link\" data-target=\"productWidget-widgetCarousel-1novinky-productModal\" onclick=\"kosikAjax.click(this)\" tabindex=\"-1\">\n                    Kitl syrob višňový 500ml\n                </a>\n            <p class=\"product-item-price \">\n                <span class=\"price-before-discount\">\n\t\t\t\t</span>\n<strong class=\"price\">119,00 Kč</strong>\n\n            </p>\n            <p class=\"product-item-unit\">\n                    (<strong class=\"price\">238,00 Kč</strong> / l)\n            </p>\n                        <div class=\"product-list-rating\">\n            </div>\n<div id=\"snippet-productWidget-widgetCarousel-1novinky-buy-26940-quantity\">        <div class=\"product-quantity-control\">\n            <form action=\"/\" method=\"post\" class=\"ajax\" id=\"frm-productWidget-widgetCarousel-1novinky-buy-26940-quantityForm\">\n                <input type=\"text\" name=\"quantity\" size=\"3\" id=\"frm-productWidget-widgetCarousel-1novinky-buy-26940-quantityForm-quantity\" data-nette-rules=\"[{&quot;op&quot;:&quot;:integer&quot;,&quot;msg&quot;:&quot;Množství musí být číslo.&quot;}]\" value=\"1\" tabindex=\"-1\">\n                <input type=\"submit\" name=\"_submit\" value=\"Přidat\" class=\"product-quantity-control-submit plus\" tabindex=\"-1\">\n            <input type=\"hidden\" name=\"do\" value=\"productWidget-widgetCarousel-1novinky-buy-26940-quantityForm-submit\" tabindex=\"-1\"><!--[if IE]><input type=IEbug disabled style=\"display:none\"><![endif]-->\n</form>\n\n        </div>\n</div>\n\n        </div>\n\n        \n    </div><div id=\"product-append-25871\" class=\"product-item slick-slide\" style=\"width: 253px;\" data-slick-index=\"14\" aria-hidden=\"true\" tabindex=\"-1\" role=\"option\" aria-describedby=\"slick-slide214\">\n        <div class=\"product-item-flags\">\n        </div>\n        <div class=\"product-item-image\">\n                <a data-href=\"/?productWidget-widgetCarousel-1novinky-id=25871&amp;do=productWidget-widgetCarousel-1novinky-modal\" data-target=\"productWidget-widgetCarousel-1novinky-productModal\" onclick=\"kosikAjax.click(this)\" tabindex=\"-1\">\n                    <img src=\"https://cdn.kosik.cz/content/product/jpg/list-retina/empty.jpg\" data-src=\"https://cdn.kosik.cz/content/product/jpg/list-retina/43151.jpg\" alt=\"Titbit Hummus čistý s citronovou šťávou 200g\" class=\"loading-images loading-image\">\n                </a>\n\n\n\n\n        </div>\n                <div class=\"product-item-info\">\n                <a data-href=\"/?productWidget-widgetCarousel-1novinky-id=25871&amp;do=productWidget-widgetCarousel-1novinky-modal\" class=\"product-name modal-link\" data-target=\"productWidget-widgetCarousel-1novinky-productModal\" onclick=\"kosikAjax.click(this)\" tabindex=\"-1\">\n                    Titbit Hummus čistý s citronovou šťávou 200g\n                </a>\n            <p class=\"product-item-price \">\n                <span class=\"price-before-discount\">\n\t\t\t\t</span>\n<strong class=\"price\">45,90 Kč</strong>\n\n            </p>\n            <p class=\"product-item-unit\">\n                    (<strong class=\"price\">229,50 Kč</strong> / kg)\n            </p>\n                        <div class=\"product-list-rating\">\n                <span><ul class=\"rating\"><li class=\"rating-children rating-1 up\" data-rating=\"1\"><i class=\"fa fa-star\"></i></li><li class=\"rating-children rating-2 up\" data-rating=\"2\"><i class=\"fa fa-star\"></i></li><li class=\"rating-children rating-3 up\" data-rating=\"3\"><i class=\"fa fa-star\"></i></li><li class=\"rating-children rating-4 down\" data-rating=\"4\"><i class=\"fa fa-star\"></i></li><li class=\"rating-children rating-5 down\" data-rating=\"5\"><i class=\"fa fa-star\"></i></li></ul></span>\n            </div>\n<div id=\"snippet-productWidget-widgetCarousel-1novinky-buy-25871-quantity\">        <div class=\"product-quantity-control\">\n            <form action=\"/\" method=\"post\" class=\"ajax\" id=\"frm-productWidget-widgetCarousel-1novinky-buy-25871-quantityForm\">\n                <input type=\"text\" name=\"quantity\" size=\"3\" id=\"frm-productWidget-widgetCarousel-1novinky-buy-25871-quantityForm-quantity\" data-nette-rules=\"[{&quot;op&quot;:&quot;:integer&quot;,&quot;msg&quot;:&quot;Množství musí být číslo.&quot;}]\" value=\"1\" tabindex=\"-1\">\n                <input type=\"submit\" name=\"_submit\" value=\"Přidat\" class=\"product-quantity-control-submit plus\" tabindex=\"-1\">\n            <input type=\"hidden\" name=\"do\" value=\"productWidget-widgetCarousel-1novinky-buy-25871-quantityForm-submit\" tabindex=\"-1\"><!--[if IE]><input type=IEbug disabled style=\"display:none\"><![endif]-->\n</form>\n\n        </div>\n</div>\n\n        </div>\n\n        \n    </div><div id=\"product-append-25042\" class=\"product-item slick-slide\" style=\"width: 253px;\" data-slick-index=\"15\" aria-hidden=\"true\" tabindex=\"-1\" role=\"option\" aria-describedby=\"slick-slide215\">\n        <div class=\"product-item-flags\">\n        </div>\n        <div class=\"product-item-image\">\n                <a data-href=\"/?productWidget-widgetCarousel-1novinky-id=25042&amp;do=productWidget-widgetCarousel-1novinky-modal\" data-target=\"productWidget-widgetCarousel-1novinky-productModal\" onclick=\"kosikAjax.click(this)\" tabindex=\"-1\">\n                    <img src=\"https://cdn.kosik.cz/content/product/jpg/list-retina/empty.jpg\" data-src=\"https://cdn.kosik.cz/content/product/jpg/list-retina/42318.jpg\" alt=\"Laura Baklava pistácie 70g\" class=\"loading-images loading-image\">\n                </a>\n\n\n\n\n        </div>\n                <div class=\"product-item-info\">\n                <a data-href=\"/?productWidget-widgetCarousel-1novinky-id=25042&amp;do=productWidget-widgetCarousel-1novinky-modal\" class=\"product-name modal-link\" data-target=\"productWidget-widgetCarousel-1novinky-productModal\" onclick=\"kosikAjax.click(this)\" tabindex=\"-1\">\n                    Laura Baklava pistácie 70g\n                </a>\n            <p class=\"product-item-price \">\n                <span class=\"price-before-discount\">\n\t\t\t\t</span>\n<strong class=\"price\">29,90 Kč</strong>\n\n            </p>\n            <p class=\"product-item-unit\">\n                    (<strong class=\"price\">427,10 Kč</strong> / kg)\n            </p>\n                        <div class=\"product-list-rating\">\n            </div>\n<div id=\"snippet-productWidget-widgetCarousel-1novinky-buy-25042-quantity\">        <div class=\"product-quantity-control\">\n            <form action=\"/\" method=\"post\" class=\"ajax\" id=\"frm-productWidget-widgetCarousel-1novinky-buy-25042-quantityForm\">\n                <input type=\"text\" name=\"quantity\" size=\"3\" id=\"frm-productWidget-widgetCarousel-1novinky-buy-25042-quantityForm-quantity\" data-nette-rules=\"[{&quot;op&quot;:&quot;:integer&quot;,&quot;msg&quot;:&quot;Množství musí být číslo.&quot;}]\" value=\"1\" tabindex=\"-1\">\n                <input type=\"submit\" name=\"_submit\" value=\"Přidat\" class=\"product-quantity-control-submit plus\" tabindex=\"-1\">\n            <input type=\"hidden\" name=\"do\" value=\"productWidget-widgetCarousel-1novinky-buy-25042-quantityForm-submit\" tabindex=\"-1\"><!--[if IE]><input type=IEbug disabled style=\"display:none\"><![endif]-->\n</form>\n\n        </div>\n</div>\n\n        </div>\n\n        \n    </div><div id=\"product-append-26540\" class=\"product-item slick-slide\" style=\"width: 253px;\" data-slick-index=\"16\" aria-hidden=\"true\" tabindex=\"-1\" role=\"option\" aria-describedby=\"slick-slide216\">\n        <div class=\"product-item-flags\">\n        </div>\n        <div class=\"product-item-image\">\n                <a data-href=\"/?productWidget-widgetCarousel-1novinky-id=26540&amp;do=productWidget-widgetCarousel-1novinky-modal\" data-target=\"productWidget-widgetCarousel-1novinky-productModal\" onclick=\"kosikAjax.click(this)\" tabindex=\"-1\">\n                    <img src=\"https://cdn.kosik.cz/content/product/jpg/list-retina/empty.jpg\" data-src=\"https://cdn.kosik.cz/content/product/jpg/list-retina/43722.jpg\" alt=\"Olma Olomoucké máslo 250g\" class=\"loading-images loading-image\">\n                </a>\n\n\n\n\n        </div>\n                <div class=\"product-item-info\">\n                <a data-href=\"/?productWidget-widgetCarousel-1novinky-id=26540&amp;do=productWidget-widgetCarousel-1novinky-modal\" class=\"product-name modal-link\" data-target=\"productWidget-widgetCarousel-1novinky-productModal\" onclick=\"kosikAjax.click(this)\" tabindex=\"-1\">\n                    Olma Olomoucké máslo 250g\n                </a>\n            <p class=\"product-item-price \">\n                <span class=\"price-before-discount\">\n\t\t\t\t</span>\n<strong class=\"price\">39,90 Kč</strong>\n\n            </p>\n            <p class=\"product-item-unit\">\n                    (<strong class=\"price\">159,60 Kč</strong> / kg)\n            </p>\n                        <div class=\"product-list-rating\">\n            </div>\n<div id=\"snippet-productWidget-widgetCarousel-1novinky-buy-26540-quantity\">        <div class=\"product-quantity-control\">\n            <form action=\"/\" method=\"post\" class=\"ajax\" id=\"frm-productWidget-widgetCarousel-1novinky-buy-26540-quantityForm\">\n                <input type=\"text\" name=\"quantity\" size=\"3\" id=\"frm-productWidget-widgetCarousel-1novinky-buy-26540-quantityForm-quantity\" data-nette-rules=\"[{&quot;op&quot;:&quot;:integer&quot;,&quot;msg&quot;:&quot;Množství musí být číslo.&quot;}]\" value=\"1\" tabindex=\"-1\">\n                <input type=\"submit\" name=\"_submit\" value=\"Přidat\" class=\"product-quantity-control-submit plus\" tabindex=\"-1\">\n            <input type=\"hidden\" name=\"do\" value=\"productWidget-widgetCarousel-1novinky-buy-26540-quantityForm-submit\" tabindex=\"-1\"><!--[if IE]><input type=IEbug disabled style=\"display:none\"><![endif]-->\n</form>\n\n        </div>\n</div>\n\n        </div>\n\n        \n    </div><div id=\"product-append-26424\" class=\"product-item slick-slide\" style=\"width: 253px;\" data-slick-index=\"17\" aria-hidden=\"true\" tabindex=\"-1\" role=\"option\" aria-describedby=\"slick-slide217\">\n        <div class=\"product-item-flags\">\n        </div>\n        <div class=\"product-item-image\">\n                <a data-href=\"/?productWidget-widgetCarousel-1novinky-id=26424&amp;do=productWidget-widgetCarousel-1novinky-modal\" data-target=\"productWidget-widgetCarousel-1novinky-productModal\" onclick=\"kosikAjax.click(this)\" tabindex=\"-1\">\n                    <img src=\"https://cdn.kosik.cz/content/product/jpg/list-retina/empty.jpg\" data-src=\"https://cdn.kosik.cz/content/product/jpg/list-retina/43697.jpg\" alt=\"Kapucín Skyr broskev - meruňka 140g\" class=\"loading-images loading-image\">\n                </a>\n\n\n\n\n        </div>\n                <div class=\"product-item-info\">\n                <a data-href=\"/?productWidget-widgetCarousel-1novinky-id=26424&amp;do=productWidget-widgetCarousel-1novinky-modal\" class=\"product-name modal-link\" data-target=\"productWidget-widgetCarousel-1novinky-productModal\" onclick=\"kosikAjax.click(this)\" tabindex=\"-1\">\n                    Kapucín Skyr broskev - meruňka 140g\n                </a>\n            <p class=\"product-item-price \">\n                <span class=\"price-before-discount\">\n\t\t\t\t</span>\n<strong class=\"price\">16,90 Kč</strong>\n\n            </p>\n            <p class=\"product-item-unit\">\n                    (<strong class=\"price\">120,70 Kč</strong> / kg)\n            </p>\n                        <div class=\"product-list-rating\">\n            </div>\n<div id=\"snippet-productWidget-widgetCarousel-1novinky-buy-26424-quantity\">        <div class=\"product-quantity-control\">\n            <form action=\"/\" method=\"post\" class=\"ajax\" id=\"frm-productWidget-widgetCarousel-1novinky-buy-26424-quantityForm\">\n                <input type=\"text\" name=\"quantity\" size=\"3\" id=\"frm-productWidget-widgetCarousel-1novinky-buy-26424-quantityForm-quantity\" data-nette-rules=\"[{&quot;op&quot;:&quot;:integer&quot;,&quot;msg&quot;:&quot;Množství musí být číslo.&quot;}]\" value=\"1\" tabindex=\"-1\">\n                <input type=\"submit\" name=\"_submit\" value=\"Přidat\" class=\"product-quantity-control-submit plus\" tabindex=\"-1\">\n            <input type=\"hidden\" name=\"do\" value=\"productWidget-widgetCarousel-1novinky-buy-26424-quantityForm-submit\" tabindex=\"-1\"><!--[if IE]><input type=IEbug disabled style=\"display:none\"><![endif]-->\n</form>\n\n        </div>\n</div>\n\n        </div>\n\n        \n    </div><div id=\"product-append-5430\" class=\"product-item slick-slide\" style=\"width: 253px;\" data-slick-index=\"18\" aria-hidden=\"true\" tabindex=\"-1\" role=\"option\" aria-describedby=\"slick-slide218\">\n        <div class=\"product-item-flags\">\n        </div>\n        <div class=\"product-item-image\">\n                <a data-href=\"/?productWidget-widgetCarousel-1novinky-id=5430&amp;do=productWidget-widgetCarousel-1novinky-modal\" data-target=\"productWidget-widgetCarousel-1novinky-productModal\" onclick=\"kosikAjax.click(this)\" tabindex=\"-1\">\n                    <img src=\"https://cdn.kosik.cz/content/product/jpg/list-retina/empty.jpg\" data-src=\"https://cdn.kosik.cz/content/product/jpg/list-retina/6103.jpg\" alt=\"Rajec Bobulka červený rybíz nesycený 1,5l\" class=\"loading-images loading-image\">\n                </a>\n\n\n\n\n        </div>\n                <div class=\"product-item-info\">\n                <a data-href=\"/?productWidget-widgetCarousel-1novinky-id=5430&amp;do=productWidget-widgetCarousel-1novinky-modal\" class=\"product-name modal-link\" data-target=\"productWidget-widgetCarousel-1novinky-productModal\" onclick=\"kosikAjax.click(this)\" tabindex=\"-1\">\n                    Rajec Bobulka červený rybíz nesycený 1,5l<br><span class=\"new-product\">Novinka</span>\n                </a>\n            <p class=\"product-item-price \">\n                <span class=\"price-before-discount\">\n\t\t\t\t</span>\n<strong class=\"price\">18,90 Kč</strong>\n\n            </p>\n            <p class=\"product-item-unit\">\n                    (<strong class=\"price\">12,60 Kč</strong> / l)\n            </p>\n                        <div class=\"product-list-rating\">\n            </div>\n<div id=\"snippet-productWidget-widgetCarousel-1novinky-buy-5430-quantity\">        <div class=\"product-quantity-control\">\n            <form action=\"/\" method=\"post\" class=\"ajax\" id=\"frm-productWidget-widgetCarousel-1novinky-buy-5430-quantityForm\">\n                <input type=\"text\" name=\"quantity\" size=\"3\" id=\"frm-productWidget-widgetCarousel-1novinky-buy-5430-quantityForm-quantity\" data-nette-rules=\"[{&quot;op&quot;:&quot;:integer&quot;,&quot;msg&quot;:&quot;Množství musí být číslo.&quot;}]\" value=\"1\" tabindex=\"-1\">\n                <input type=\"submit\" name=\"_submit\" value=\"Přidat\" class=\"product-quantity-control-submit plus\" tabindex=\"-1\">\n            <input type=\"hidden\" name=\"do\" value=\"productWidget-widgetCarousel-1novinky-buy-5430-quantityForm-submit\" tabindex=\"-1\"><!--[if IE]><input type=IEbug disabled style=\"display:none\"><![endif]-->\n</form>\n\n        </div>\n</div>\n\n        </div>\n\n        \n    </div><div id=\"product-append-26031\" class=\"product-item slick-slide\" style=\"width: 253px;\" data-slick-index=\"19\" aria-hidden=\"true\" tabindex=\"-1\" role=\"option\" aria-describedby=\"slick-slide219\">\n        <div class=\"product-item-flags\">\n        </div>\n        <div class=\"product-item-image\">\n                <a data-href=\"/?productWidget-widgetCarousel-1novinky-id=26031&amp;do=productWidget-widgetCarousel-1novinky-modal\" data-target=\"productWidget-widgetCarousel-1novinky-productModal\" onclick=\"kosikAjax.click(this)\" tabindex=\"-1\">\n                    <img src=\"https://cdn.kosik.cz/content/product/jpg/list-retina/empty.jpg\" data-src=\"https://cdn.kosik.cz/content/product/jpg/list-retina/43303.jpg\" alt=\"Milki Cottage cheese 150g\" class=\"loading-images loading-image\">\n                </a>\n\n\n\n\n        </div>\n                <div class=\"product-item-info\">\n                <a data-href=\"/?productWidget-widgetCarousel-1novinky-id=26031&amp;do=productWidget-widgetCarousel-1novinky-modal\" class=\"product-name modal-link\" data-target=\"productWidget-widgetCarousel-1novinky-productModal\" onclick=\"kosikAjax.click(this)\" tabindex=\"-1\">\n                    Milki Cottage cheese 150g\n                </a>\n            <p class=\"product-item-price \">\n                <span class=\"price-before-discount\">\n\t\t\t\t</span>\n<strong class=\"price\">19,90 Kč</strong>\n\n            </p>\n            <p class=\"product-item-unit\">\n                    (<strong class=\"price\">132,70 Kč</strong> / kg)\n            </p>\n                        <div class=\"product-list-rating\">\n            </div>\n<div id=\"snippet-productWidget-widgetCarousel-1novinky-buy-26031-quantity\">        <div class=\"product-quantity-control\">\n            <form action=\"/\" method=\"post\" class=\"ajax\" id=\"frm-productWidget-widgetCarousel-1novinky-buy-26031-quantityForm\">\n                <input type=\"text\" name=\"quantity\" size=\"3\" id=\"frm-productWidget-widgetCarousel-1novinky-buy-26031-quantityForm-quantity\" data-nette-rules=\"[{&quot;op&quot;:&quot;:integer&quot;,&quot;msg&quot;:&quot;Množství musí být číslo.&quot;}]\" value=\"1\" tabindex=\"-1\">\n                <input type=\"submit\" name=\"_submit\" value=\"Přidat\" class=\"product-quantity-control-submit plus\" tabindex=\"-1\">\n            <input type=\"hidden\" name=\"do\" value=\"productWidget-widgetCarousel-1novinky-buy-26031-quantityForm-submit\" tabindex=\"-1\"><!--[if IE]><input type=IEbug disabled style=\"display:none\"><![endif]-->\n</form>\n\n        </div>\n</div>\n\n        </div>\n\n        \n    </div><div id=\"product-append-21940\" class=\"product-item slick-slide\" style=\"width: 253px;\" data-slick-index=\"20\" aria-hidden=\"true\" tabindex=\"-1\" role=\"option\" aria-describedby=\"slick-slide220\">\n        <div class=\"product-item-flags\">\n        </div>\n        <div class=\"product-item-image\">\n                <a data-href=\"/?productWidget-widgetCarousel-1novinky-id=21940&amp;do=productWidget-widgetCarousel-1novinky-modal\" data-target=\"productWidget-widgetCarousel-1novinky-productModal\" onclick=\"kosikAjax.click(this)\" tabindex=\"-1\">\n                    <img src=\"https://cdn.kosik.cz/content/product/jpg/list-retina/empty.jpg\" data-src=\"https://cdn.kosik.cz/content/product/jpg/list-retina/39193.jpg\" alt=\"Mlékárna Kunín Termix MAXI s příchutí vanilka 130g\" class=\"loading-images loading-image\">\n                </a>\n\n\n\n\n        </div>\n                <div class=\"product-item-info\">\n                <a data-href=\"/?productWidget-widgetCarousel-1novinky-id=21940&amp;do=productWidget-widgetCarousel-1novinky-modal\" class=\"product-name modal-link\" data-target=\"productWidget-widgetCarousel-1novinky-productModal\" onclick=\"kosikAjax.click(this)\" tabindex=\"-1\">\n                    Mlékárna Kunín Termix MAXI s příchutí vanilka 130g\n                </a>\n            <p class=\"product-item-price \">\n                <span class=\"price-before-discount\">\n\t\t\t\t</span>\n<strong class=\"price\">13,90 Kč</strong>\n\n            </p>\n            <p class=\"product-item-unit\">\n                    (<strong class=\"price\">106,90 Kč</strong> / kg)\n            </p>\n                        <div class=\"product-list-rating\">\n            </div>\n<div id=\"snippet-productWidget-widgetCarousel-1novinky-buy-21940-quantity\">        <div class=\"product-quantity-control\">\n            <form action=\"/\" method=\"post\" class=\"ajax\" id=\"frm-productWidget-widgetCarousel-1novinky-buy-21940-quantityForm\">\n                <input type=\"text\" name=\"quantity\" size=\"3\" id=\"frm-productWidget-widgetCarousel-1novinky-buy-21940-quantityForm-quantity\" data-nette-rules=\"[{&quot;op&quot;:&quot;:integer&quot;,&quot;msg&quot;:&quot;Množství musí být číslo.&quot;}]\" value=\"1\" tabindex=\"-1\">\n                <input type=\"submit\" name=\"_submit\" value=\"Přidat\" class=\"product-quantity-control-submit plus\" tabindex=\"-1\">\n            <input type=\"hidden\" name=\"do\" value=\"productWidget-widgetCarousel-1novinky-buy-21940-quantityForm-submit\" tabindex=\"-1\"><!--[if IE]><input type=IEbug disabled style=\"display:none\"><![endif]-->\n</form>\n\n        </div>\n</div>\n\n        </div>\n\n        \n    </div><div id=\"product-append-26937\" class=\"product-item slick-slide\" style=\"width: 253px;\" data-slick-index=\"21\" aria-hidden=\"true\" tabindex=\"-1\" role=\"option\" aria-describedby=\"slick-slide221\">\n        <div class=\"product-item-flags\">\n        </div>\n        <div class=\"product-item-image\">\n                <a data-href=\"/?productWidget-widgetCarousel-1novinky-id=26937&amp;do=productWidget-widgetCarousel-1novinky-modal\" data-target=\"productWidget-widgetCarousel-1novinky-productModal\" onclick=\"kosikAjax.click(this)\" tabindex=\"-1\">\n                    <img src=\"https://cdn.kosik.cz/content/product/jpg/list-retina/empty.jpg\" data-src=\"https://cdn.kosik.cz/content/product/jpg/list-retina/44161.jpg\" alt=\"Raciola Kuřecí játra tácek 500g\" class=\"loading-images loading-image\">\n                </a>\n\n\n\n\n        </div>\n                <div class=\"product-item-info\">\n                <a data-href=\"/?productWidget-widgetCarousel-1novinky-id=26937&amp;do=productWidget-widgetCarousel-1novinky-modal\" class=\"product-name modal-link\" data-target=\"productWidget-widgetCarousel-1novinky-productModal\" onclick=\"kosikAjax.click(this)\" tabindex=\"-1\">\n                    Raciola Kuřecí játra tácek 500g\n                </a>\n            <p class=\"product-item-price \">\n                <span class=\"price-before-discount\">\n\t\t\t\t</span>\n                <small class=\"circa-prefix\">cca </small><strong class=\"price\">0,00 Kč</strong>\n\n            </p>\n            <p class=\"product-item-unit\">\n                    (<strong class=\"price\">0,00 Kč</strong> / kg)\n            </p>\n                        <div class=\"product-list-rating\">\n            </div>\n<div id=\"snippet-productWidget-widgetCarousel-1novinky-buy-26937-quantity\">            <p class=\"selled-out\">Vyprodáno</p>\n</div>\n\n        </div>\n\n        \n    </div><div id=\"product-append-27013\" class=\"product-item slick-slide\" style=\"width: 253px;\" data-slick-index=\"22\" aria-hidden=\"true\" tabindex=\"-1\" role=\"option\" aria-describedby=\"slick-slide222\">\n        <div class=\"product-item-flags\">\n        </div>\n        <div class=\"product-item-image\">\n                <a data-href=\"/?productWidget-widgetCarousel-1novinky-id=27013&amp;do=productWidget-widgetCarousel-1novinky-modal\" data-target=\"productWidget-widgetCarousel-1novinky-productModal\" onclick=\"kosikAjax.click(this)\" tabindex=\"-1\">\n                    <img src=\"https://cdn.kosik.cz/content/product/jpg/list-retina/empty.jpg\" data-src=\"https://cdn.kosik.cz/content/product/jpg/list-retina/44244.jpg\" alt=\"Plundra s pizza náplní 80g\" class=\"loading-images loading-image\">\n                </a>\n\n\n\n\n        </div>\n                <div class=\"product-item-info\">\n                <a data-href=\"/?productWidget-widgetCarousel-1novinky-id=27013&amp;do=productWidget-widgetCarousel-1novinky-modal\" class=\"product-name modal-link\" data-target=\"productWidget-widgetCarousel-1novinky-productModal\" onclick=\"kosikAjax.click(this)\" tabindex=\"-1\">\n                    Plundra s pizza náplní 80g\n                </a>\n            <p class=\"product-item-price \">\n                <span class=\"price-before-discount\">\n\t\t\t\t</span>\n<strong class=\"price\">9,50 Kč</strong>\n\n            </p>\n            <p class=\"product-item-unit\">\n                    (<strong class=\"price\">118,80 Kč</strong> / kg)\n            </p>\n                        <div class=\"product-list-rating\">\n            </div>\n<div id=\"snippet-productWidget-widgetCarousel-1novinky-buy-27013-quantity\">        <div class=\"product-quantity-control\">\n            <form action=\"/\" method=\"post\" class=\"ajax\" id=\"frm-productWidget-widgetCarousel-1novinky-buy-27013-quantityForm\">\n                <input type=\"text\" name=\"quantity\" size=\"3\" id=\"frm-productWidget-widgetCarousel-1novinky-buy-27013-quantityForm-quantity\" data-nette-rules=\"[{&quot;op&quot;:&quot;:integer&quot;,&quot;msg&quot;:&quot;Množství musí být číslo.&quot;}]\" value=\"1\" tabindex=\"-1\">\n                <input type=\"submit\" name=\"_submit\" value=\"Přidat\" class=\"product-quantity-control-submit plus\" tabindex=\"-1\">\n            <input type=\"hidden\" name=\"do\" value=\"productWidget-widgetCarousel-1novinky-buy-27013-quantityForm-submit\" tabindex=\"-1\"><!--[if IE]><input type=IEbug disabled style=\"display:none\"><![endif]-->\n</form>\n\n        </div>\n</div>\n\n        </div>\n\n        \n    </div><div id=\"product-append-27012\" class=\"product-item slick-slide\" style=\"width: 253px;\" data-slick-index=\"23\" aria-hidden=\"true\" tabindex=\"-1\" role=\"option\" aria-describedby=\"slick-slide223\">\n        <div class=\"product-item-flags\">\n        </div>\n        <div class=\"product-item-image\">\n                <a data-href=\"/?productWidget-widgetCarousel-1novinky-id=27012&amp;do=productWidget-widgetCarousel-1novinky-modal\" data-target=\"productWidget-widgetCarousel-1novinky-productModal\" onclick=\"kosikAjax.click(this)\" tabindex=\"-1\">\n                    <img src=\"https://cdn.kosik.cz/content/product/jpg/list-retina/empty.jpg\" data-src=\"https://cdn.kosik.cz/content/product/jpg/list-retina/44243.jpg\" alt=\"Rajec Bylinka Meduňka 1,5l\" class=\"loading-images loading-image\">\n                </a>\n\n\n\n\n        </div>\n                <div class=\"product-item-info\">\n                <a data-href=\"/?productWidget-widgetCarousel-1novinky-id=27012&amp;do=productWidget-widgetCarousel-1novinky-modal\" class=\"product-name modal-link\" data-target=\"productWidget-widgetCarousel-1novinky-productModal\" onclick=\"kosikAjax.click(this)\" tabindex=\"-1\">\n                    Rajec Bylinka Meduňka 1,5l\n                </a>\n            <p class=\"product-item-price \">\n                <span class=\"price-before-discount\">\n\t\t\t\t</span>\n<strong class=\"price\">18,90 Kč</strong>\n\n            </p>\n            <p class=\"product-item-unit\">\n                    (<strong class=\"price\">12,60 Kč</strong> / l)\n            </p>\n                        <div class=\"product-list-rating\">\n            </div>\n<div id=\"snippet-productWidget-widgetCarousel-1novinky-buy-27012-quantity\">        <div class=\"product-quantity-control\">\n            <form action=\"/\" method=\"post\" class=\"ajax\" id=\"frm-productWidget-widgetCarousel-1novinky-buy-27012-quantityForm\">\n                <input type=\"text\" name=\"quantity\" size=\"3\" id=\"frm-productWidget-widgetCarousel-1novinky-buy-27012-quantityForm-quantity\" data-nette-rules=\"[{&quot;op&quot;:&quot;:integer&quot;,&quot;msg&quot;:&quot;Množství musí být číslo.&quot;}]\" value=\"1\" tabindex=\"-1\">\n                <input type=\"submit\" name=\"_submit\" value=\"Přidat\" class=\"product-quantity-control-submit plus\" tabindex=\"-1\">\n            <input type=\"hidden\" name=\"do\" value=\"productWidget-widgetCarousel-1novinky-buy-27012-quantityForm-submit\" tabindex=\"-1\"><!--[if IE]><input type=IEbug disabled style=\"display:none\"><![endif]-->\n</form>\n\n        </div>\n</div>\n\n        </div>\n\n        \n    </div><div id=\"product-append-18980\" class=\"product-item slick-slide\" style=\"width: 253px;\" data-slick-index=\"24\" aria-hidden=\"true\" tabindex=\"-1\" role=\"option\" aria-describedby=\"slick-slide224\">\n        <div class=\"product-item-flags\">\n        </div>\n        <div class=\"product-item-image\">\n                <a data-href=\"/?productWidget-widgetCarousel-1novinky-id=18980&amp;do=productWidget-widgetCarousel-1novinky-modal\" data-target=\"productWidget-widgetCarousel-1novinky-productModal\" onclick=\"kosikAjax.click(this)\" tabindex=\"-1\">\n                    <img src=\"https://cdn.kosik.cz/content/product/jpg/list-retina/empty.jpg\" data-src=\"https://cdn.kosik.cz/content/product/jpg/list-retina/36232.jpg\" alt=\"Président Léger plátky 100g\" class=\"loading-images loading-image\">\n                </a>\n\n\n\n\n        </div>\n                <div class=\"product-item-info\">\n                <a data-href=\"/?productWidget-widgetCarousel-1novinky-id=18980&amp;do=productWidget-widgetCarousel-1novinky-modal\" class=\"product-name modal-link\" data-target=\"productWidget-widgetCarousel-1novinky-productModal\" onclick=\"kosikAjax.click(this)\" tabindex=\"-1\">\n                    Président Léger plátky 100g\n                </a>\n            <p class=\"product-item-price \">\n                <span class=\"price-before-discount\">\n\t\t\t\t</span>\n<strong class=\"price\">31,90 Kč</strong>\n\n            </p>\n            <p class=\"product-item-unit\">\n                    (<strong class=\"price\">319,00 Kč</strong> / kg)\n            </p>\n                        <div class=\"product-list-rating\">\n            </div>\n<div id=\"snippet-productWidget-widgetCarousel-1novinky-buy-18980-quantity\">        <div class=\"product-quantity-control\">\n            <form action=\"/\" method=\"post\" class=\"ajax\" id=\"frm-productWidget-widgetCarousel-1novinky-buy-18980-quantityForm\">\n                <input type=\"text\" name=\"quantity\" size=\"3\" id=\"frm-productWidget-widgetCarousel-1novinky-buy-18980-quantityForm-quantity\" data-nette-rules=\"[{&quot;op&quot;:&quot;:integer&quot;,&quot;msg&quot;:&quot;Množství musí být číslo.&quot;}]\" value=\"1\" tabindex=\"-1\">\n                <input type=\"submit\" name=\"_submit\" value=\"Přidat\" class=\"product-quantity-control-submit plus\" tabindex=\"-1\">\n            <input type=\"hidden\" name=\"do\" value=\"productWidget-widgetCarousel-1novinky-buy-18980-quantityForm-submit\" tabindex=\"-1\"><!--[if IE]><input type=IEbug disabled style=\"display:none\"><![endif]-->\n</form>\n\n        </div>\n</div>\n\n        </div>\n\n        \n    </div><div id=\"product-append-24370\" class=\"product-item slick-slide\" style=\"width: 253px;\" data-slick-index=\"25\" aria-hidden=\"true\" tabindex=\"-1\" role=\"option\" aria-describedby=\"slick-slide225\">\n        <div class=\"product-item-flags\">\n        </div>\n        <div class=\"product-item-image\">\n                <a data-href=\"/?productWidget-widgetCarousel-1novinky-id=24370&amp;do=productWidget-widgetCarousel-1novinky-modal\" data-target=\"productWidget-widgetCarousel-1novinky-productModal\" onclick=\"kosikAjax.click(this)\" tabindex=\"-1\">\n                    <img src=\"https://cdn.kosik.cz/content/product/jpg/list-retina/empty.jpg\" data-src=\"https://cdn.kosik.cz/content/product/jpg/list-retina/41615.jpg\" alt=\"PRAVE Rakovník Moravská krkovička nekrájená (cca 1kg)\" class=\"loading-images loading-image\">\n                </a>\n\n\n\n\n        </div>\n                <div class=\"product-item-info\">\n                <a data-href=\"/?productWidget-widgetCarousel-1novinky-id=24370&amp;do=productWidget-widgetCarousel-1novinky-modal\" class=\"product-name modal-link\" data-target=\"productWidget-widgetCarousel-1novinky-productModal\" onclick=\"kosikAjax.click(this)\" tabindex=\"-1\">\n                    PRAVE Rakovník Moravská krkovička nekrájená (cca 1kg)\n                </a>\n            <p class=\"product-item-price \">\n                <span class=\"price-before-discount\">\n\t\t\t\t</span>\n                <small class=\"circa-prefix\">cca </small><strong class=\"price\">191,90 Kč</strong>\n\n            </p>\n            <p class=\"product-item-unit\">\n                    (<strong class=\"price\">159,90 Kč</strong> / kg)\n            </p>\n                        <div class=\"product-list-rating\">\n            </div>\n<div id=\"snippet-productWidget-widgetCarousel-1novinky-buy-24370-quantity\">        <div class=\"product-quantity-control\">\n            <form action=\"/\" method=\"post\" class=\"ajax\" id=\"frm-productWidget-widgetCarousel-1novinky-buy-24370-quantityForm\">\n                <input type=\"text\" name=\"quantity\" size=\"3\" id=\"frm-productWidget-widgetCarousel-1novinky-buy-24370-quantityForm-quantity\" data-nette-rules=\"[{&quot;op&quot;:&quot;:integer&quot;,&quot;msg&quot;:&quot;Množství musí být číslo.&quot;}]\" value=\"1\" tabindex=\"-1\">\n                <input type=\"submit\" name=\"_submit\" value=\"Přidat\" class=\"product-quantity-control-submit plus\" tabindex=\"-1\">\n            <input type=\"hidden\" name=\"do\" value=\"productWidget-widgetCarousel-1novinky-buy-24370-quantityForm-submit\" tabindex=\"-1\"><!--[if IE]><input type=IEbug disabled style=\"display:none\"><![endif]-->\n</form>\n\n        </div>\n</div>\n\n        </div>\n\n        \n    </div><div id=\"product-append-25363\" class=\"product-item slick-slide\" style=\"width: 253px;\" data-slick-index=\"26\" aria-hidden=\"true\" tabindex=\"-1\" role=\"option\" aria-describedby=\"slick-slide226\">\n        <div class=\"product-item-flags\">\n        </div>\n        <div class=\"product-item-image\">\n                <a data-href=\"/?productWidget-widgetCarousel-1novinky-id=25363&amp;do=productWidget-widgetCarousel-1novinky-modal\" data-target=\"productWidget-widgetCarousel-1novinky-productModal\" onclick=\"kosikAjax.click(this)\" tabindex=\"-1\">\n                    <img src=\"https://cdn.kosik.cz/content/product/jpg/list-retina/empty.jpg\" data-src=\"https://cdn.kosik.cz/content/product/jpg/list-retina/42642.jpg\" alt=\"Prominent Krůtí vinná klobása 400g\" class=\"loading-images loading-image\">\n                </a>\n\n\n\n\n        </div>\n                <div class=\"product-item-info\">\n                <a data-href=\"/?productWidget-widgetCarousel-1novinky-id=25363&amp;do=productWidget-widgetCarousel-1novinky-modal\" class=\"product-name modal-link\" data-target=\"productWidget-widgetCarousel-1novinky-productModal\" onclick=\"kosikAjax.click(this)\" tabindex=\"-1\">\n                    Prominent Krůtí vinná klobása 400g<br><span class=\"new-product\">Novinka</span>\n                </a>\n            <p class=\"product-item-price \">\n                <span class=\"price-before-discount\">\n\t\t\t\t</span>\n<strong class=\"price\">44,90 Kč</strong>\n\n            </p>\n            <p class=\"product-item-unit\">\n                    (<strong class=\"price\">112,30 Kč</strong> / kg)\n            </p>\n                        <div class=\"product-list-rating\">\n            </div>\n<div id=\"snippet-productWidget-widgetCarousel-1novinky-buy-25363-quantity\">        <div class=\"product-quantity-control\">\n            <form action=\"/\" method=\"post\" class=\"ajax\" id=\"frm-productWidget-widgetCarousel-1novinky-buy-25363-quantityForm\">\n                <input type=\"text\" name=\"quantity\" size=\"3\" id=\"frm-productWidget-widgetCarousel-1novinky-buy-25363-quantityForm-quantity\" data-nette-rules=\"[{&quot;op&quot;:&quot;:integer&quot;,&quot;msg&quot;:&quot;Množství musí být číslo.&quot;}]\" value=\"1\" tabindex=\"-1\">\n                <input type=\"submit\" name=\"_submit\" value=\"Přidat\" class=\"product-quantity-control-submit plus\" tabindex=\"-1\">\n            <input type=\"hidden\" name=\"do\" value=\"productWidget-widgetCarousel-1novinky-buy-25363-quantityForm-submit\" tabindex=\"-1\"><!--[if IE]><input type=IEbug disabled style=\"display:none\"><![endif]-->\n</form>\n\n        </div>\n</div>\n\n        </div>\n\n        \n    </div><div id=\"product-append-26019\" class=\"product-item slick-slide\" style=\"width: 253px;\" data-slick-index=\"27\" aria-hidden=\"true\" tabindex=\"-1\" role=\"option\" aria-describedby=\"slick-slide227\">\n        <div class=\"product-item-flags\">\n        </div>\n        <div class=\"product-item-image\">\n                <a data-href=\"/?productWidget-widgetCarousel-1novinky-id=26019&amp;do=productWidget-widgetCarousel-1novinky-modal\" data-target=\"productWidget-widgetCarousel-1novinky-productModal\" onclick=\"kosikAjax.click(this)\" tabindex=\"-1\">\n                    <img src=\"https://cdn.kosik.cz/content/product/jpg/list-retina/empty.jpg\" data-src=\"https://cdn.kosik.cz/content/product/jpg/list-retina/43291.jpg\" alt=\"Krajanka  Moje chvilka karamel zakysaná smetana 130g\" class=\"loading-images loading-image\">\n                </a>\n\n\n\n\n        </div>\n                <div class=\"product-item-info\">\n                <a data-href=\"/?productWidget-widgetCarousel-1novinky-id=26019&amp;do=productWidget-widgetCarousel-1novinky-modal\" class=\"product-name modal-link\" data-target=\"productWidget-widgetCarousel-1novinky-productModal\" onclick=\"kosikAjax.click(this)\" tabindex=\"-1\">\n                    Krajanka  Moje chvilka karamel zakysaná smetana 130g\n                </a>\n            <p class=\"product-item-price \">\n                <span class=\"price-before-discount\">\n\t\t\t\t</span>\n<strong class=\"price\">12,90 Kč</strong>\n\n            </p>\n            <p class=\"product-item-unit\">\n                    (<strong class=\"price\">99,20 Kč</strong> / kg)\n            </p>\n                        <div class=\"product-list-rating\">\n            </div>\n<div id=\"snippet-productWidget-widgetCarousel-1novinky-buy-26019-quantity\">        <div class=\"product-quantity-control\">\n            <form action=\"/\" method=\"post\" class=\"ajax\" id=\"frm-productWidget-widgetCarousel-1novinky-buy-26019-quantityForm\">\n                <input type=\"text\" name=\"quantity\" size=\"3\" id=\"frm-productWidget-widgetCarousel-1novinky-buy-26019-quantityForm-quantity\" data-nette-rules=\"[{&quot;op&quot;:&quot;:integer&quot;,&quot;msg&quot;:&quot;Množství musí být číslo.&quot;}]\" value=\"1\" tabindex=\"-1\">\n                <input type=\"submit\" name=\"_submit\" value=\"Přidat\" class=\"product-quantity-control-submit plus\" tabindex=\"-1\">\n            <input type=\"hidden\" name=\"do\" value=\"productWidget-widgetCarousel-1novinky-buy-26019-quantityForm-submit\" tabindex=\"-1\"><!--[if IE]><input type=IEbug disabled style=\"display:none\"><![endif]-->\n</form>\n\n        </div>\n</div>\n\n        </div>\n\n        \n    </div><div id=\"product-append-25041\" class=\"product-item slick-slide\" style=\"width: 253px;\" data-slick-index=\"28\" aria-hidden=\"true\" tabindex=\"-1\" role=\"option\" aria-describedby=\"slick-slide228\">\n        <div class=\"product-item-flags\">\n        </div>\n        <div class=\"product-item-image\">\n                <a data-href=\"/?productWidget-widgetCarousel-1novinky-id=25041&amp;do=productWidget-widgetCarousel-1novinky-modal\" data-target=\"productWidget-widgetCarousel-1novinky-productModal\" onclick=\"kosikAjax.click(this)\" tabindex=\"-1\">\n                    <img src=\"https://cdn.kosik.cz/content/product/jpg/list-retina/empty.jpg\" data-src=\"https://cdn.kosik.cz/content/product/jpg/list-retina/42317.jpg\" alt=\"Laura Baklava ořech 70g\" class=\"loading-images loading-image\">\n                </a>\n\n\n\n\n        </div>\n                <div class=\"product-item-info\">\n                <a data-href=\"/?productWidget-widgetCarousel-1novinky-id=25041&amp;do=productWidget-widgetCarousel-1novinky-modal\" class=\"product-name modal-link\" data-target=\"productWidget-widgetCarousel-1novinky-productModal\" onclick=\"kosikAjax.click(this)\" tabindex=\"-1\">\n                    Laura Baklava ořech 70g\n                </a>\n            <p class=\"product-item-price \">\n                <span class=\"price-before-discount\">\n\t\t\t\t</span>\n<strong class=\"price\">29,90 Kč</strong>\n\n            </p>\n            <p class=\"product-item-unit\">\n                    (<strong class=\"price\">427,10 Kč</strong> / kg)\n            </p>\n                        <div class=\"product-list-rating\">\n            </div>\n<div id=\"snippet-productWidget-widgetCarousel-1novinky-buy-25041-quantity\">        <div class=\"product-quantity-control\">\n            <form action=\"/\" method=\"post\" class=\"ajax\" id=\"frm-productWidget-widgetCarousel-1novinky-buy-25041-quantityForm\">\n                <input type=\"text\" name=\"quantity\" size=\"3\" id=\"frm-productWidget-widgetCarousel-1novinky-buy-25041-quantityForm-quantity\" data-nette-rules=\"[{&quot;op&quot;:&quot;:integer&quot;,&quot;msg&quot;:&quot;Množství musí být číslo.&quot;}]\" value=\"1\" tabindex=\"-1\">\n                <input type=\"submit\" name=\"_submit\" value=\"Přidat\" class=\"product-quantity-control-submit plus\" tabindex=\"-1\">\n            <input type=\"hidden\" name=\"do\" value=\"productWidget-widgetCarousel-1novinky-buy-25041-quantityForm-submit\" tabindex=\"-1\"><!--[if IE]><input type=IEbug disabled style=\"display:none\"><![endif]-->\n</form>\n\n        </div>\n</div>\n\n        </div>\n\n        \n    </div><div id=\"product-append-26044\" class=\"product-item slick-slide\" style=\"width: 253px;\" data-slick-index=\"29\" aria-hidden=\"true\" tabindex=\"-1\" role=\"option\" aria-describedby=\"slick-slide229\">\n        <div class=\"product-item-flags\">\n        </div>\n        <div class=\"product-item-image\">\n                <a data-href=\"/?productWidget-widgetCarousel-1novinky-id=26044&amp;do=productWidget-widgetCarousel-1novinky-modal\" data-target=\"productWidget-widgetCarousel-1novinky-productModal\" onclick=\"kosikAjax.click(this)\" tabindex=\"-1\">\n                    <img src=\"https://cdn.kosik.cz/content/product/jpg/list-retina/empty.jpg\" data-src=\"https://cdn.kosik.cz/content/product/jpg/list-retina/43316.jpg\" alt=\"Milko Řecký jogurt 5% bílý 140g\" class=\"loading-images loading-image\">\n                </a>\n\n\n\n\n        </div>\n                <div class=\"product-item-info\">\n                <a data-href=\"/?productWidget-widgetCarousel-1novinky-id=26044&amp;do=productWidget-widgetCarousel-1novinky-modal\" class=\"product-name modal-link\" data-target=\"productWidget-widgetCarousel-1novinky-productModal\" onclick=\"kosikAjax.click(this)\" tabindex=\"-1\">\n                    Milko Řecký jogurt 5% bílý 140g\n                </a>\n            <p class=\"product-item-price \">\n                <span class=\"price-before-discount\">\n\t\t\t\t</span>\n<strong class=\"price\">16,90 Kč</strong>\n\n            </p>\n            <p class=\"product-item-unit\">\n                    (<strong class=\"price\">120,70 Kč</strong> / kg)\n            </p>\n                        <div class=\"product-list-rating\">\n                <span><ul class=\"rating\"><li class=\"rating-children rating-1 up\" data-rating=\"1\"><i class=\"fa fa-star\"></i></li><li class=\"rating-children rating-2 up\" data-rating=\"2\"><i class=\"fa fa-star\"></i></li><li class=\"rating-children rating-3 up\" data-rating=\"3\"><i class=\"fa fa-star\"></i></li><li class=\"rating-children rating-4 up\" data-rating=\"4\"><i class=\"fa fa-star\"></i></li><li class=\"rating-children rating-5 up\" data-rating=\"5\"><i class=\"fa fa-star\"></i></li></ul></span>\n            </div>\n<div id=\"snippet-productWidget-widgetCarousel-1novinky-buy-26044-quantity\">        <div class=\"product-quantity-control\">\n            <form action=\"/\" method=\"post\" class=\"ajax\" id=\"frm-productWidget-widgetCarousel-1novinky-buy-26044-quantityForm\">\n                <input type=\"text\" name=\"quantity\" size=\"3\" id=\"frm-productWidget-widgetCarousel-1novinky-buy-26044-quantityForm-quantity\" data-nette-rules=\"[{&quot;op&quot;:&quot;:integer&quot;,&quot;msg&quot;:&quot;Množství musí být číslo.&quot;}]\" value=\"1\" tabindex=\"-1\">\n                <input type=\"submit\" name=\"_submit\" value=\"Přidat\" class=\"product-quantity-control-submit plus\" tabindex=\"-1\">\n            <input type=\"hidden\" name=\"do\" value=\"productWidget-widgetCarousel-1novinky-buy-26044-quantityForm-submit\" tabindex=\"-1\"><!--[if IE]><input type=IEbug disabled style=\"display:none\"><![endif]-->\n</form>\n\n        </div>\n</div>\n\n        </div>\n\n        \n    </div><div id=\"product-append-604\" class=\"product-item slick-slide\" style=\"width: 253px;\" data-slick-index=\"30\" aria-hidden=\"true\" tabindex=\"-1\" role=\"option\" aria-describedby=\"slick-slide230\">\n        <div class=\"product-item-flags\">\n        </div>\n        <div class=\"product-item-image\">\n                <a data-href=\"/?productWidget-widgetCarousel-1novinky-id=604&amp;do=productWidget-widgetCarousel-1novinky-modal\" data-target=\"productWidget-widgetCarousel-1novinky-productModal\" onclick=\"kosikAjax.click(this)\" tabindex=\"-1\">\n                    <img src=\"https://cdn.kosik.cz/content/product/jpg/list-retina/empty.jpg\" data-src=\"https://cdn.kosik.cz/content/product/jpg/list-retina/632.jpg\" alt=\"Olma Zlatá Haná Roztíratelný směsný tuk 250g\" class=\"loading-images loading-image\">\n                </a>\n\n\n\n\n        </div>\n                <div class=\"product-item-info\">\n                <a data-href=\"/?productWidget-widgetCarousel-1novinky-id=604&amp;do=productWidget-widgetCarousel-1novinky-modal\" class=\"product-name modal-link\" data-target=\"productWidget-widgetCarousel-1novinky-productModal\" onclick=\"kosikAjax.click(this)\" tabindex=\"-1\">\n                    Olma Zlatá Haná Roztíratelný směsný tuk 250g\n                </a>\n            <p class=\"product-item-price \">\n                <span class=\"price-before-discount\">\n\t\t\t\t</span>\n<strong class=\"price\">21,90 Kč</strong>\n\n            </p>\n            <p class=\"product-item-unit\">\n                    (<strong class=\"price\">87,60 Kč</strong> / kg)\n            </p>\n                        <div class=\"product-list-rating\">\n            </div>\n<div id=\"snippet-productWidget-widgetCarousel-1novinky-buy-604-quantity\">        <div class=\"product-quantity-control\">\n            <form action=\"/\" method=\"post\" class=\"ajax\" id=\"frm-productWidget-widgetCarousel-1novinky-buy-604-quantityForm\">\n                <input type=\"text\" name=\"quantity\" size=\"3\" id=\"frm-productWidget-widgetCarousel-1novinky-buy-604-quantityForm-quantity\" data-nette-rules=\"[{&quot;op&quot;:&quot;:integer&quot;,&quot;msg&quot;:&quot;Množství musí být číslo.&quot;}]\" value=\"1\" tabindex=\"-1\">\n                <input type=\"submit\" name=\"_submit\" value=\"Přidat\" class=\"product-quantity-control-submit plus\" tabindex=\"-1\">\n            <input type=\"hidden\" name=\"do\" value=\"productWidget-widgetCarousel-1novinky-buy-604-quantityForm-submit\" tabindex=\"-1\"><!--[if IE]><input type=IEbug disabled style=\"display:none\"><![endif]-->\n</form>\n\n        </div>\n</div>\n\n        </div>\n\n        \n    </div><div id=\"product-append-26033\" class=\"product-item slick-slide\" style=\"width: 253px;\" data-slick-index=\"31\" aria-hidden=\"true\" tabindex=\"-1\" role=\"option\" aria-describedby=\"slick-slide231\">\n        <div class=\"product-item-flags\">\n        </div>\n        <div class=\"product-item-image\">\n                <a data-href=\"/?productWidget-widgetCarousel-1novinky-id=26033&amp;do=productWidget-widgetCarousel-1novinky-modal\" data-target=\"productWidget-widgetCarousel-1novinky-productModal\" onclick=\"kosikAjax.click(this)\" tabindex=\"-1\">\n                    <img src=\"https://cdn.kosik.cz/content/product/jpg/list-retina/empty.jpg\" data-src=\"https://cdn.kosik.cz/content/product/jpg/list-retina/43305.jpg\" alt=\"Beskydský korbáčik přírodní  50g\" class=\"loading-images loading-image\">\n                </a>\n\n\n\n\n        </div>\n                <div class=\"product-item-info\">\n                <a data-href=\"/?productWidget-widgetCarousel-1novinky-id=26033&amp;do=productWidget-widgetCarousel-1novinky-modal\" class=\"product-name modal-link\" data-target=\"productWidget-widgetCarousel-1novinky-productModal\" onclick=\"kosikAjax.click(this)\" tabindex=\"-1\">\n                    Beskydský korbáčik přírodní  50g\n                </a>\n            <p class=\"product-item-price \">\n                <span class=\"price-before-discount\">\n\t\t\t\t</span>\n<strong class=\"price\">26,90 Kč</strong>\n\n            </p>\n            <p class=\"product-item-unit\">\n                    (<strong class=\"price\">538,00 Kč</strong> / kg)\n            </p>\n                        <div class=\"product-list-rating\">\n            </div>\n<div id=\"snippet-productWidget-widgetCarousel-1novinky-buy-26033-quantity\">        <div class=\"product-quantity-control\">\n            <form action=\"/\" method=\"post\" class=\"ajax\" id=\"frm-productWidget-widgetCarousel-1novinky-buy-26033-quantityForm\">\n                <input type=\"text\" name=\"quantity\" size=\"3\" id=\"frm-productWidget-widgetCarousel-1novinky-buy-26033-quantityForm-quantity\" data-nette-rules=\"[{&quot;op&quot;:&quot;:integer&quot;,&quot;msg&quot;:&quot;Množství musí být číslo.&quot;}]\" value=\"1\" tabindex=\"-1\">\n                <input type=\"submit\" name=\"_submit\" value=\"Přidat\" class=\"product-quantity-control-submit plus\" tabindex=\"-1\">\n            <input type=\"hidden\" name=\"do\" value=\"productWidget-widgetCarousel-1novinky-buy-26033-quantityForm-submit\" tabindex=\"-1\"><!--[if IE]><input type=IEbug disabled style=\"display:none\"><![endif]-->\n</form>\n\n        </div>\n</div>\n\n        </div>\n\n        \n    </div><div id=\"product-append-25050\" class=\"product-item slick-slide\" style=\"width: 253px;\" data-slick-index=\"32\" aria-hidden=\"true\" tabindex=\"-1\" role=\"option\" aria-describedby=\"slick-slide232\">\n        <div class=\"product-item-flags\">\n        </div>\n        <div class=\"product-item-image\">\n                <a data-href=\"/?productWidget-widgetCarousel-1novinky-id=25050&amp;do=productWidget-widgetCarousel-1novinky-modal\" data-target=\"productWidget-widgetCarousel-1novinky-productModal\" onclick=\"kosikAjax.click(this)\" tabindex=\"-1\">\n                    <img src=\"https://cdn.kosik.cz/content/product/jpg/list-retina/empty.jpg\" data-src=\"https://cdn.kosik.cz/content/product/jpg/list-retina/42326.jpg\" alt=\"Laura Baklava čokoláda 70g\" class=\"loading-images loading-image\">\n                </a>\n\n\n\n\n        </div>\n                <div class=\"product-item-info\">\n                <a data-href=\"/?productWidget-widgetCarousel-1novinky-id=25050&amp;do=productWidget-widgetCarousel-1novinky-modal\" class=\"product-name modal-link\" data-target=\"productWidget-widgetCarousel-1novinky-productModal\" onclick=\"kosikAjax.click(this)\" tabindex=\"-1\">\n                    Laura Baklava čokoláda 70g\n                </a>\n            <p class=\"product-item-price \">\n                <span class=\"price-before-discount\">\n\t\t\t\t</span>\n<strong class=\"price\">29,90 Kč</strong>\n\n            </p>\n            <p class=\"product-item-unit\">\n                    (<strong class=\"price\">427,10 Kč</strong> / kg)\n            </p>\n                        <div class=\"product-list-rating\">\n            </div>\n<div id=\"snippet-productWidget-widgetCarousel-1novinky-buy-25050-quantity\">        <div class=\"product-quantity-control\">\n            <form action=\"/\" method=\"post\" class=\"ajax\" id=\"frm-productWidget-widgetCarousel-1novinky-buy-25050-quantityForm\">\n                <input type=\"text\" name=\"quantity\" size=\"3\" id=\"frm-productWidget-widgetCarousel-1novinky-buy-25050-quantityForm-quantity\" data-nette-rules=\"[{&quot;op&quot;:&quot;:integer&quot;,&quot;msg&quot;:&quot;Množství musí být číslo.&quot;}]\" value=\"1\" tabindex=\"-1\">\n                <input type=\"submit\" name=\"_submit\" value=\"Přidat\" class=\"product-quantity-control-submit plus\" tabindex=\"-1\">\n            <input type=\"hidden\" name=\"do\" value=\"productWidget-widgetCarousel-1novinky-buy-25050-quantityForm-submit\" tabindex=\"-1\"><!--[if IE]><input type=IEbug disabled style=\"display:none\"><![endif]-->\n</form>\n\n        </div>\n</div>\n\n        </div>\n\n        \n    </div><div id=\"product-append-12060\" class=\"product-item slick-slide\" style=\"width: 253px;\" data-slick-index=\"33\" aria-hidden=\"true\" tabindex=\"-1\" role=\"option\" aria-describedby=\"slick-slide233\">\n        <div class=\"product-item-flags\">\n        </div>\n        <div class=\"product-item-image\">\n                <a data-href=\"/?productWidget-widgetCarousel-1novinky-id=12060&amp;do=productWidget-widgetCarousel-1novinky-modal\" data-target=\"productWidget-widgetCarousel-1novinky-productModal\" onclick=\"kosikAjax.click(this)\" tabindex=\"-1\">\n                    <img src=\"https://cdn.kosik.cz/content/product/jpg/list-retina/empty.jpg\" data-src=\"https://cdn.kosik.cz/content/product/jpg/list-retina/29390.jpg\" alt=\"Elinas Řecký jogurt med-oříšek 150g\" class=\"loading-images loading-image\">\n                </a>\n\n\n\n\n        </div>\n                <div class=\"product-item-info\">\n                <a data-href=\"/?productWidget-widgetCarousel-1novinky-id=12060&amp;do=productWidget-widgetCarousel-1novinky-modal\" class=\"product-name modal-link\" data-target=\"productWidget-widgetCarousel-1novinky-productModal\" onclick=\"kosikAjax.click(this)\" tabindex=\"-1\">\n                    Elinas Řecký jogurt med-oříšek 150g\n                </a>\n            <p class=\"product-item-price \">\n                <span class=\"price-before-discount\">\n\t\t\t\t</span>\n<strong class=\"price\">18,90 Kč</strong>\n\n            </p>\n            <p class=\"product-item-unit\">\n                    (<strong class=\"price\">126,00 Kč</strong> / kg)\n            </p>\n                        <div class=\"product-list-rating\">\n            </div>\n<div id=\"snippet-productWidget-widgetCarousel-1novinky-buy-12060-quantity\">        <div class=\"product-quantity-control\">\n            <form action=\"/\" method=\"post\" class=\"ajax\" id=\"frm-productWidget-widgetCarousel-1novinky-buy-12060-quantityForm\">\n                <input type=\"text\" name=\"quantity\" size=\"3\" id=\"frm-productWidget-widgetCarousel-1novinky-buy-12060-quantityForm-quantity\" data-nette-rules=\"[{&quot;op&quot;:&quot;:integer&quot;,&quot;msg&quot;:&quot;Množství musí být číslo.&quot;}]\" value=\"1\" tabindex=\"-1\">\n                <input type=\"submit\" name=\"_submit\" value=\"Přidat\" class=\"product-quantity-control-submit plus\" tabindex=\"-1\">\n            <input type=\"hidden\" name=\"do\" value=\"productWidget-widgetCarousel-1novinky-buy-12060-quantityForm-submit\" tabindex=\"-1\"><!--[if IE]><input type=IEbug disabled style=\"display:none\"><![endif]-->\n</form>\n\n        </div>\n</div>\n\n        </div>\n\n        \n    </div><div id=\"product-append-25046\" class=\"product-item slick-slide\" style=\"width: 253px;\" data-slick-index=\"34\" aria-hidden=\"true\" tabindex=\"-1\" role=\"option\" aria-describedby=\"slick-slide234\">\n        <div class=\"product-item-flags\">\n        </div>\n        <div class=\"product-item-image\">\n                <a data-href=\"/?productWidget-widgetCarousel-1novinky-id=25046&amp;do=productWidget-widgetCarousel-1novinky-modal\" data-target=\"productWidget-widgetCarousel-1novinky-productModal\" onclick=\"kosikAjax.click(this)\" tabindex=\"-1\">\n                    <img src=\"https://cdn.kosik.cz/content/product/jpg/list-retina/empty.jpg\" data-src=\"https://cdn.kosik.cz/content/product/jpg/list-retina/42322.jpg\" alt=\"Laura Baklava mandle 70g\" class=\"loading-images loading-image\">\n                </a>\n\n\n\n\n        </div>\n                <div class=\"product-item-info\">\n                <a data-href=\"/?productWidget-widgetCarousel-1novinky-id=25046&amp;do=productWidget-widgetCarousel-1novinky-modal\" class=\"product-name modal-link\" data-target=\"productWidget-widgetCarousel-1novinky-productModal\" onclick=\"kosikAjax.click(this)\" tabindex=\"-1\">\n                    Laura Baklava mandle 70g\n                </a>\n            <p class=\"product-item-price \">\n                <span class=\"price-before-discount\">\n\t\t\t\t</span>\n<strong class=\"price\">29,90 Kč</strong>\n\n            </p>\n            <p class=\"product-item-unit\">\n                    (<strong class=\"price\">427,10 Kč</strong> / kg)\n            </p>\n                        <div class=\"product-list-rating\">\n            </div>\n<div id=\"snippet-productWidget-widgetCarousel-1novinky-buy-25046-quantity\">        <div class=\"product-quantity-control\">\n            <form action=\"/\" method=\"post\" class=\"ajax\" id=\"frm-productWidget-widgetCarousel-1novinky-buy-25046-quantityForm\">\n                <input type=\"text\" name=\"quantity\" size=\"3\" id=\"frm-productWidget-widgetCarousel-1novinky-buy-25046-quantityForm-quantity\" data-nette-rules=\"[{&quot;op&quot;:&quot;:integer&quot;,&quot;msg&quot;:&quot;Množství musí být číslo.&quot;}]\" value=\"1\" tabindex=\"-1\">\n                <input type=\"submit\" name=\"_submit\" value=\"Přidat\" class=\"product-quantity-control-submit plus\" tabindex=\"-1\">\n            <input type=\"hidden\" name=\"do\" value=\"productWidget-widgetCarousel-1novinky-buy-25046-quantityForm-submit\" tabindex=\"-1\"><!--[if IE]><input type=IEbug disabled style=\"display:none\"><![endif]-->\n</form>\n\n        </div>\n</div>\n\n        </div>\n\n        \n    </div><div id=\"product-append-512\" class=\"product-item slick-slide\" style=\"width: 253px;\" data-slick-index=\"35\" aria-hidden=\"true\" tabindex=\"-1\" role=\"option\" aria-describedby=\"slick-slide235\">\n        <div class=\"product-item-flags\">\n        </div>\n        <div class=\"product-item-image\">\n                <a data-href=\"/?productWidget-widgetCarousel-1novinky-id=512&amp;do=productWidget-widgetCarousel-1novinky-modal\" data-target=\"productWidget-widgetCarousel-1novinky-productModal\" onclick=\"kosikAjax.click(this)\" tabindex=\"-1\">\n                    <img src=\"https://cdn.kosik.cz/content/product/jpg/list-retina/empty.jpg\" data-src=\"https://cdn.kosik.cz/content/product/jpg/list-retina/539.jpg\" alt=\"Krajanka Jahodová zakysaná smetana 130g\" class=\"loading-images loading-image\">\n                </a>\n\n\n\n\n        </div>\n                <div class=\"product-item-info\">\n                <a data-href=\"/?productWidget-widgetCarousel-1novinky-id=512&amp;do=productWidget-widgetCarousel-1novinky-modal\" class=\"product-name modal-link\" data-target=\"productWidget-widgetCarousel-1novinky-productModal\" onclick=\"kosikAjax.click(this)\" tabindex=\"-1\">\n                    Krajanka Jahodová zakysaná smetana 130g\n                </a>\n            <p class=\"product-item-price \">\n                <span class=\"price-before-discount\">\n\t\t\t\t</span>\n<strong class=\"price\">12,90 Kč</strong>\n\n            </p>\n            <p class=\"product-item-unit\">\n                    (<strong class=\"price\">99,20 Kč</strong> / kg)\n            </p>\n                        <div class=\"product-list-rating\">\n            </div>\n<div id=\"snippet-productWidget-widgetCarousel-1novinky-buy-512-quantity\">        <div class=\"product-quantity-control\">\n            <form action=\"/\" method=\"post\" class=\"ajax\" id=\"frm-productWidget-widgetCarousel-1novinky-buy-512-quantityForm\">\n                <input type=\"text\" name=\"quantity\" size=\"3\" id=\"frm-productWidget-widgetCarousel-1novinky-buy-512-quantityForm-quantity\" data-nette-rules=\"[{&quot;op&quot;:&quot;:integer&quot;,&quot;msg&quot;:&quot;Množství musí být číslo.&quot;}]\" value=\"1\" tabindex=\"-1\">\n                <input type=\"submit\" name=\"_submit\" value=\"Přidat\" class=\"product-quantity-control-submit plus\" tabindex=\"-1\">\n            <input type=\"hidden\" name=\"do\" value=\"productWidget-widgetCarousel-1novinky-buy-512-quantityForm-submit\" tabindex=\"-1\"><!--[if IE]><input type=IEbug disabled style=\"display:none\"><![endif]-->\n</form>\n\n        </div>\n</div>\n\n        </div>\n\n        \n    </div><div id=\"product-append-518\" class=\"product-item slick-slide\" style=\"width: 253px;\" data-slick-index=\"36\" aria-hidden=\"true\" tabindex=\"-1\" role=\"option\" aria-describedby=\"slick-slide236\">\n        <div class=\"product-item-flags\">\n        </div>\n        <div class=\"product-item-image\">\n                <a data-href=\"/?productWidget-widgetCarousel-1novinky-id=518&amp;do=productWidget-widgetCarousel-1novinky-modal\" data-target=\"productWidget-widgetCarousel-1novinky-productModal\" onclick=\"kosikAjax.click(this)\" tabindex=\"-1\">\n                    <img src=\"https://cdn.kosik.cz/content/product/jpg/list-retina/empty.jpg\" data-src=\"https://cdn.kosik.cz/content/product/jpg/list-retina/545.jpg\" alt=\"Krajanka Vaječný likér zakysaná smetana 130g\" class=\"loading-images loading-image\">\n                </a>\n\n\n\n\n        </div>\n                <div class=\"product-item-info\">\n                <a data-href=\"/?productWidget-widgetCarousel-1novinky-id=518&amp;do=productWidget-widgetCarousel-1novinky-modal\" class=\"product-name modal-link\" data-target=\"productWidget-widgetCarousel-1novinky-productModal\" onclick=\"kosikAjax.click(this)\" tabindex=\"-1\">\n                    Krajanka Vaječný likér zakysaná smetana 130g\n                </a>\n            <p class=\"product-item-price \">\n                <span class=\"price-before-discount\">\n\t\t\t\t</span>\n<strong class=\"price\">12,90 Kč</strong>\n\n            </p>\n            <p class=\"product-item-unit\">\n                    (<strong class=\"price\">99,20 Kč</strong> / kg)\n            </p>\n                        <div class=\"product-list-rating\">\n            </div>\n<div id=\"snippet-productWidget-widgetCarousel-1novinky-buy-518-quantity\">        <div class=\"product-quantity-control\">\n            <form action=\"/\" method=\"post\" class=\"ajax\" id=\"frm-productWidget-widgetCarousel-1novinky-buy-518-quantityForm\">\n                <input type=\"text\" name=\"quantity\" size=\"3\" id=\"frm-productWidget-widgetCarousel-1novinky-buy-518-quantityForm-quantity\" data-nette-rules=\"[{&quot;op&quot;:&quot;:integer&quot;,&quot;msg&quot;:&quot;Množství musí být číslo.&quot;}]\" value=\"1\" tabindex=\"-1\">\n                <input type=\"submit\" name=\"_submit\" value=\"Přidat\" class=\"product-quantity-control-submit plus\" tabindex=\"-1\">\n            <input type=\"hidden\" name=\"do\" value=\"productWidget-widgetCarousel-1novinky-buy-518-quantityForm-submit\" tabindex=\"-1\"><!--[if IE]><input type=IEbug disabled style=\"display:none\"><![endif]-->\n</form>\n\n        </div>\n</div>\n\n        </div>\n\n        \n    </div><div id=\"product-append-24780\" class=\"product-item slick-slide\" style=\"width: 253px;\" data-slick-index=\"37\" aria-hidden=\"true\" tabindex=\"-1\" role=\"option\" aria-describedby=\"slick-slide237\">\n        <div class=\"product-item-flags\">\n        </div>\n        <div class=\"product-item-image\">\n                <a data-href=\"/?productWidget-widgetCarousel-1novinky-id=24780&amp;do=productWidget-widgetCarousel-1novinky-modal\" data-target=\"productWidget-widgetCarousel-1novinky-productModal\" onclick=\"kosikAjax.click(this)\" tabindex=\"-1\">\n                    <img src=\"https://cdn.kosik.cz/content/product/jpg/list-retina/empty.jpg\" data-src=\"https://cdn.kosik.cz/content/product/jpg/list-retina/42047.jpg\" alt=\"Meggle Cottage cheese light 180g\" class=\"loading-images loading-image\">\n                </a>\n\n\n\n\n        </div>\n                <div class=\"product-item-info\">\n                <a data-href=\"/?productWidget-widgetCarousel-1novinky-id=24780&amp;do=productWidget-widgetCarousel-1novinky-modal\" class=\"product-name modal-link\" data-target=\"productWidget-widgetCarousel-1novinky-productModal\" onclick=\"kosikAjax.click(this)\" tabindex=\"-1\">\n                    Meggle Cottage cheese light 180g\n                </a>\n            <p class=\"product-item-price \">\n                <span class=\"price-before-discount\">\n\t\t\t\t</span>\n<strong class=\"price\">28,90 Kč</strong>\n\n            </p>\n            <p class=\"product-item-unit\">\n                    (<strong class=\"price\">160,60 Kč</strong> / kg)\n            </p>\n                        <div class=\"product-list-rating\">\n            </div>\n<div id=\"snippet-productWidget-widgetCarousel-1novinky-buy-24780-quantity\">        <div class=\"product-quantity-control\">\n            <form action=\"/\" method=\"post\" class=\"ajax\" id=\"frm-productWidget-widgetCarousel-1novinky-buy-24780-quantityForm\">\n                <input type=\"text\" name=\"quantity\" size=\"3\" id=\"frm-productWidget-widgetCarousel-1novinky-buy-24780-quantityForm-quantity\" data-nette-rules=\"[{&quot;op&quot;:&quot;:integer&quot;,&quot;msg&quot;:&quot;Množství musí být číslo.&quot;}]\" value=\"1\" tabindex=\"-1\">\n                <input type=\"submit\" name=\"_submit\" value=\"Přidat\" class=\"product-quantity-control-submit plus\" tabindex=\"-1\">\n            <input type=\"hidden\" name=\"do\" value=\"productWidget-widgetCarousel-1novinky-buy-24780-quantityForm-submit\" tabindex=\"-1\"><!--[if IE]><input type=IEbug disabled style=\"display:none\"><![endif]-->\n</form>\n\n        </div>\n</div>\n\n        </div>\n\n        \n    </div><div id=\"product-append-26020\" class=\"product-item slick-slide\" style=\"width: 253px;\" data-slick-index=\"38\" aria-hidden=\"true\" tabindex=\"-1\" role=\"option\" aria-describedby=\"slick-slide238\">\n        <div class=\"product-item-flags\">\n        </div>\n        <div class=\"product-item-image\">\n                <a data-href=\"/?productWidget-widgetCarousel-1novinky-id=26020&amp;do=productWidget-widgetCarousel-1novinky-modal\" data-target=\"productWidget-widgetCarousel-1novinky-productModal\" onclick=\"kosikAjax.click(this)\" tabindex=\"-1\">\n                    <img src=\"https://cdn.kosik.cz/content/product/jpg/list-retina/empty.jpg\" data-src=\"https://cdn.kosik.cz/content/product/jpg/list-retina/43292.jpg\" alt=\"Krajanka  á la Mozart zakysaná smetana 130g\" class=\"loading-images loading-image\">\n                </a>\n\n\n\n\n        </div>\n                <div class=\"product-item-info\">\n                <a data-href=\"/?productWidget-widgetCarousel-1novinky-id=26020&amp;do=productWidget-widgetCarousel-1novinky-modal\" class=\"product-name modal-link\" data-target=\"productWidget-widgetCarousel-1novinky-productModal\" onclick=\"kosikAjax.click(this)\" tabindex=\"-1\">\n                    Krajanka  á la Mozart zakysaná smetana 130g\n                </a>\n            <p class=\"product-item-price \">\n                <span class=\"price-before-discount\">\n\t\t\t\t</span>\n<strong class=\"price\">12,90 Kč</strong>\n\n            </p>\n            <p class=\"product-item-unit\">\n                    (<strong class=\"price\">99,20 Kč</strong> / kg)\n            </p>\n                        <div class=\"product-list-rating\">\n            </div>\n<div id=\"snippet-productWidget-widgetCarousel-1novinky-buy-26020-quantity\">        <div class=\"product-quantity-control\">\n            <form action=\"/\" method=\"post\" class=\"ajax\" id=\"frm-productWidget-widgetCarousel-1novinky-buy-26020-quantityForm\">\n                <input type=\"text\" name=\"quantity\" size=\"3\" id=\"frm-productWidget-widgetCarousel-1novinky-buy-26020-quantityForm-quantity\" data-nette-rules=\"[{&quot;op&quot;:&quot;:integer&quot;,&quot;msg&quot;:&quot;Množství musí být číslo.&quot;}]\" value=\"1\" tabindex=\"-1\">\n                <input type=\"submit\" name=\"_submit\" value=\"Přidat\" class=\"product-quantity-control-submit plus\" tabindex=\"-1\">\n            <input type=\"hidden\" name=\"do\" value=\"productWidget-widgetCarousel-1novinky-buy-26020-quantityForm-submit\" tabindex=\"-1\"><!--[if IE]><input type=IEbug disabled style=\"display:none\"><![endif]-->\n</form>\n\n        </div>\n</div>\n\n        </div>\n\n        \n    </div><div id=\"product-append-25877\" class=\"product-item slick-slide\" style=\"width: 253px;\" data-slick-index=\"39\" aria-hidden=\"true\" tabindex=\"-1\" role=\"option\" aria-describedby=\"slick-slide239\">\n        <div class=\"product-item-flags\">\n        </div>\n        <div class=\"product-item-image\">\n                <a data-href=\"/?productWidget-widgetCarousel-1novinky-id=25877&amp;do=productWidget-widgetCarousel-1novinky-modal\" data-target=\"productWidget-widgetCarousel-1novinky-productModal\" onclick=\"kosikAjax.click(this)\" tabindex=\"-1\">\n                    <img src=\"https://cdn.kosik.cz/content/product/jpg/list-retina/empty.jpg\" data-src=\"https://cdn.kosik.cz/content/product/jpg/list-retina/43157.jpg\" alt=\"Titbit Caesar salát s pečeným kuřetem a krutony 230g\" class=\"loading-images loading-image\">\n                </a>\n\n\n\n\n        </div>\n                <div class=\"product-item-info\">\n                <a data-href=\"/?productWidget-widgetCarousel-1novinky-id=25877&amp;do=productWidget-widgetCarousel-1novinky-modal\" class=\"product-name modal-link\" data-target=\"productWidget-widgetCarousel-1novinky-productModal\" onclick=\"kosikAjax.click(this)\" tabindex=\"-1\">\n                    Titbit Caesar salát s pečeným kuřetem a krutony 230g\n                </a>\n            <p class=\"product-item-price \">\n                <span class=\"price-before-discount\">\n\t\t\t\t</span>\n<strong class=\"price\">69,90 Kč</strong>\n\n            </p>\n            <p class=\"product-item-unit\">\n                    (<strong class=\"price\">303,90 Kč</strong> / kg)\n            </p>\n                        <div class=\"product-list-rating\">\n            </div>\n<div id=\"snippet-productWidget-widgetCarousel-1novinky-buy-25877-quantity\">        <div class=\"product-quantity-control\">\n            <form action=\"/\" method=\"post\" class=\"ajax\" id=\"frm-productWidget-widgetCarousel-1novinky-buy-25877-quantityForm\">\n                <input type=\"text\" name=\"quantity\" size=\"3\" id=\"frm-productWidget-widgetCarousel-1novinky-buy-25877-quantityForm-quantity\" data-nette-rules=\"[{&quot;op&quot;:&quot;:integer&quot;,&quot;msg&quot;:&quot;Množství musí být číslo.&quot;}]\" value=\"1\" tabindex=\"-1\">\n                <input type=\"submit\" name=\"_submit\" value=\"Přidat\" class=\"product-quantity-control-submit plus\" tabindex=\"-1\">\n            <input type=\"hidden\" name=\"do\" value=\"productWidget-widgetCarousel-1novinky-buy-25877-quantityForm-submit\" tabindex=\"-1\"><!--[if IE]><input type=IEbug disabled style=\"display:none\"><![endif]-->\n</form>\n\n        </div>\n</div>\n\n        </div>\n\n        \n    </div><div id=\"product-append-5052\" class=\"product-item slick-slide\" style=\"width: 253px;\" data-slick-index=\"40\" aria-hidden=\"true\" tabindex=\"-1\" role=\"option\" aria-describedby=\"slick-slide240\">\n        <div class=\"product-item-flags\">\n        </div>\n        <div class=\"product-item-image\">\n                <a data-href=\"/?productWidget-widgetCarousel-1novinky-id=5052&amp;do=productWidget-widgetCarousel-1novinky-modal\" data-target=\"productWidget-widgetCarousel-1novinky-productModal\" onclick=\"kosikAjax.click(this)\" tabindex=\"-1\">\n                    <img src=\"https://cdn.kosik.cz/content/product/jpg/list-retina/empty.jpg\" data-src=\"https://cdn.kosik.cz/content/product/jpg/list-retina/5638.jpg\" alt=\"Krajanka Mandlová paštika 100g\" class=\"loading-images loading-image\">\n                </a>\n\n\n\n\n        </div>\n                <div class=\"product-item-info\">\n                <a data-href=\"/?productWidget-widgetCarousel-1novinky-id=5052&amp;do=productWidget-widgetCarousel-1novinky-modal\" class=\"product-name modal-link\" data-target=\"productWidget-widgetCarousel-1novinky-productModal\" onclick=\"kosikAjax.click(this)\" tabindex=\"-1\">\n                    Krajanka Mandlová paštika 100g\n                </a>\n            <p class=\"product-item-price \">\n                <span class=\"price-before-discount\">\n\t\t\t\t</span>\n<strong class=\"price\">19,90 Kč</strong>\n\n            </p>\n            <p class=\"product-item-unit\">\n                    (<strong class=\"price\">199,00 Kč</strong> / kg)\n            </p>\n                        <div class=\"product-list-rating\">\n            </div>\n<div id=\"snippet-productWidget-widgetCarousel-1novinky-buy-5052-quantity\">        <div class=\"product-quantity-control\">\n            <form action=\"/\" method=\"post\" class=\"ajax\" id=\"frm-productWidget-widgetCarousel-1novinky-buy-5052-quantityForm\">\n                <input type=\"text\" name=\"quantity\" size=\"3\" id=\"frm-productWidget-widgetCarousel-1novinky-buy-5052-quantityForm-quantity\" data-nette-rules=\"[{&quot;op&quot;:&quot;:integer&quot;,&quot;msg&quot;:&quot;Množství musí být číslo.&quot;}]\" value=\"1\" tabindex=\"-1\">\n                <input type=\"submit\" name=\"_submit\" value=\"Přidat\" class=\"product-quantity-control-submit plus\" tabindex=\"-1\">\n            <input type=\"hidden\" name=\"do\" value=\"productWidget-widgetCarousel-1novinky-buy-5052-quantityForm-submit\" tabindex=\"-1\"><!--[if IE]><input type=IEbug disabled style=\"display:none\"><![endif]-->\n</form>\n\n        </div>\n</div>\n\n        </div>\n\n        \n    </div><div id=\"product-append-25905\" class=\"product-item slick-slide\" style=\"width: 253px;\" data-slick-index=\"41\" aria-hidden=\"true\" tabindex=\"-1\" role=\"option\" aria-describedby=\"slick-slide241\">\n        <div class=\"product-item-flags\">\n        </div>\n        <div class=\"product-item-image\">\n                <a data-href=\"/?productWidget-widgetCarousel-1novinky-id=25905&amp;do=productWidget-widgetCarousel-1novinky-modal\" data-target=\"productWidget-widgetCarousel-1novinky-productModal\" onclick=\"kosikAjax.click(this)\" tabindex=\"-1\">\n                    <img src=\"https://cdn.kosik.cz/content/product/jpg/list-retina/empty.jpg\" data-src=\"https://cdn.kosik.cz/content/product/jpg/list-retina/43185.jpg\" alt=\"Titbit Salát tuňák s vejcem a petrželovým dresinkem 230g\" class=\"loading-images loading-image\">\n                </a>\n\n\n\n\n        </div>\n                <div class=\"product-item-info\">\n                <a data-href=\"/?productWidget-widgetCarousel-1novinky-id=25905&amp;do=productWidget-widgetCarousel-1novinky-modal\" class=\"product-name modal-link\" data-target=\"productWidget-widgetCarousel-1novinky-productModal\" onclick=\"kosikAjax.click(this)\" tabindex=\"-1\">\n                    Titbit Salát tuňák s vejcem a petrželovým dresinkem 230g\n                </a>\n            <p class=\"product-item-price \">\n                <span class=\"price-before-discount\">\n\t\t\t\t</span>\n<strong class=\"price\">64,90 Kč</strong>\n\n            </p>\n            <p class=\"product-item-unit\">\n                    (<strong class=\"price\">282,20 Kč</strong> / kg)\n            </p>\n                        <div class=\"product-list-rating\">\n            </div>\n<div id=\"snippet-productWidget-widgetCarousel-1novinky-buy-25905-quantity\">        <div class=\"product-quantity-control\">\n            <form action=\"/\" method=\"post\" class=\"ajax\" id=\"frm-productWidget-widgetCarousel-1novinky-buy-25905-quantityForm\">\n                <input type=\"text\" name=\"quantity\" size=\"3\" id=\"frm-productWidget-widgetCarousel-1novinky-buy-25905-quantityForm-quantity\" data-nette-rules=\"[{&quot;op&quot;:&quot;:integer&quot;,&quot;msg&quot;:&quot;Množství musí být číslo.&quot;}]\" value=\"1\" tabindex=\"-1\">\n                <input type=\"submit\" name=\"_submit\" value=\"Přidat\" class=\"product-quantity-control-submit plus\" tabindex=\"-1\">\n            <input type=\"hidden\" name=\"do\" value=\"productWidget-widgetCarousel-1novinky-buy-25905-quantityForm-submit\" tabindex=\"-1\"><!--[if IE]><input type=IEbug disabled style=\"display:none\"><![endif]-->\n</form>\n\n        </div>\n</div>\n\n        </div>\n\n        \n    </div><div id=\"product-append-26037\" class=\"product-item slick-slide\" style=\"width: 253px;\" data-slick-index=\"42\" aria-hidden=\"true\" tabindex=\"-1\" role=\"option\" aria-describedby=\"slick-slide242\">\n        <div class=\"product-item-flags\">\n        </div>\n        <div class=\"product-item-image\">\n                <a data-href=\"/?productWidget-widgetCarousel-1novinky-id=26037&amp;do=productWidget-widgetCarousel-1novinky-modal\" data-target=\"productWidget-widgetCarousel-1novinky-productModal\" onclick=\"kosikAjax.click(this)\" tabindex=\"-1\">\n                    <img src=\"https://cdn.kosik.cz/content/product/jpg/list-retina/empty.jpg\" data-src=\"https://cdn.kosik.cz/content/product/jpg/list-retina/43309.jpg\" alt=\"Krajanka Bruselská paštika s brusinkami 100g\" class=\"loading-images loading-image\">\n                </a>\n\n\n\n\n        </div>\n                <div class=\"product-item-info\">\n                <a data-href=\"/?productWidget-widgetCarousel-1novinky-id=26037&amp;do=productWidget-widgetCarousel-1novinky-modal\" class=\"product-name modal-link\" data-target=\"productWidget-widgetCarousel-1novinky-productModal\" onclick=\"kosikAjax.click(this)\" tabindex=\"-1\">\n                    Krajanka Bruselská paštika s brusinkami 100g\n                </a>\n            <p class=\"product-item-price \">\n                <span class=\"price-before-discount\">\n\t\t\t\t</span>\n<strong class=\"price\">19,90 Kč</strong>\n\n            </p>\n            <p class=\"product-item-unit\">\n                    (<strong class=\"price\">199,00 Kč</strong> / kg)\n            </p>\n                        <div class=\"product-list-rating\">\n            </div>\n<div id=\"snippet-productWidget-widgetCarousel-1novinky-buy-26037-quantity\">        <div class=\"product-quantity-control\">\n            <form action=\"/\" method=\"post\" class=\"ajax\" id=\"frm-productWidget-widgetCarousel-1novinky-buy-26037-quantityForm\">\n                <input type=\"text\" name=\"quantity\" size=\"3\" id=\"frm-productWidget-widgetCarousel-1novinky-buy-26037-quantityForm-quantity\" data-nette-rules=\"[{&quot;op&quot;:&quot;:integer&quot;,&quot;msg&quot;:&quot;Množství musí být číslo.&quot;}]\" value=\"1\" tabindex=\"-1\">\n                <input type=\"submit\" name=\"_submit\" value=\"Přidat\" class=\"product-quantity-control-submit plus\" tabindex=\"-1\">\n            <input type=\"hidden\" name=\"do\" value=\"productWidget-widgetCarousel-1novinky-buy-26037-quantityForm-submit\" tabindex=\"-1\"><!--[if IE]><input type=IEbug disabled style=\"display:none\"><![endif]-->\n</form>\n\n        </div>\n</div>\n\n        </div>\n\n        \n    </div><div id=\"product-append-25869\" class=\"product-item slick-slide\" style=\"width: 253px;\" data-slick-index=\"43\" aria-hidden=\"true\" tabindex=\"-1\" role=\"option\" aria-describedby=\"slick-slide243\">\n        <div class=\"product-item-flags\">\n        </div>\n        <div class=\"product-item-image\">\n                <a data-href=\"/?productWidget-widgetCarousel-1novinky-id=25869&amp;do=productWidget-widgetCarousel-1novinky-modal\" data-target=\"productWidget-widgetCarousel-1novinky-productModal\" onclick=\"kosikAjax.click(this)\" tabindex=\"-1\">\n                    <img src=\"https://cdn.kosik.cz/content/product/jpg/list-retina/empty.jpg\" data-src=\"https://cdn.kosik.cz/content/product/jpg/list-retina/43149.jpg\" alt=\"Titbit Quinoa s červenou čočkou a grilovaným kuřetem 220g\" class=\"loading-images loading-image\">\n                </a>\n\n\n\n\n        </div>\n                <div class=\"product-item-info\">\n                <a data-href=\"/?productWidget-widgetCarousel-1novinky-id=25869&amp;do=productWidget-widgetCarousel-1novinky-modal\" class=\"product-name modal-link\" data-target=\"productWidget-widgetCarousel-1novinky-productModal\" onclick=\"kosikAjax.click(this)\" tabindex=\"-1\">\n                    Titbit Quinoa s červenou čočkou a grilovaným kuřetem 220g<br><span class=\"new-product\">Novinka</span>\n                </a>\n            <p class=\"product-item-price \">\n                <span class=\"price-before-discount\">\n\t\t\t\t</span>\n<strong class=\"price\">53,90 Kč</strong>\n\n            </p>\n            <p class=\"product-item-unit\">\n                    (<strong class=\"price\">269,50 Kč</strong> / kg)\n            </p>\n                        <div class=\"product-list-rating\">\n            </div>\n<div id=\"snippet-productWidget-widgetCarousel-1novinky-buy-25869-quantity\">        <div class=\"product-quantity-control\">\n            <form action=\"/\" method=\"post\" class=\"ajax\" id=\"frm-productWidget-widgetCarousel-1novinky-buy-25869-quantityForm\">\n                <input type=\"text\" name=\"quantity\" size=\"3\" id=\"frm-productWidget-widgetCarousel-1novinky-buy-25869-quantityForm-quantity\" data-nette-rules=\"[{&quot;op&quot;:&quot;:integer&quot;,&quot;msg&quot;:&quot;Množství musí být číslo.&quot;}]\" value=\"1\" tabindex=\"-1\">\n                <input type=\"submit\" name=\"_submit\" value=\"Přidat\" class=\"product-quantity-control-submit plus\" tabindex=\"-1\">\n            <input type=\"hidden\" name=\"do\" value=\"productWidget-widgetCarousel-1novinky-buy-25869-quantityForm-submit\" tabindex=\"-1\"><!--[if IE]><input type=IEbug disabled style=\"display:none\"><![endif]-->\n</form>\n\n        </div>\n</div>\n\n        </div>\n\n        \n    </div><div id=\"product-append-25915\" class=\"product-item slick-slide\" style=\"width: 253px;\" data-slick-index=\"44\" aria-hidden=\"true\" tabindex=\"-1\" role=\"option\" aria-describedby=\"slick-slide244\">\n        <div class=\"product-item-flags\">\n        </div>\n        <div class=\"product-item-image\">\n                <a data-href=\"/?productWidget-widgetCarousel-1novinky-id=25915&amp;do=productWidget-widgetCarousel-1novinky-modal\" data-target=\"productWidget-widgetCarousel-1novinky-productModal\" onclick=\"kosikAjax.click(this)\" tabindex=\"-1\">\n                    <img src=\"https://cdn.kosik.cz/content/product/jpg/list-retina/empty.jpg\" data-src=\"https://cdn.kosik.cz/content/product/jpg/list-retina/43195.jpg\" alt=\"Chia s granátovým jablkem v mangovém pyré - Dětská chuťovka 150g\" class=\"loading-images loading-image\">\n                </a>\n\n\n\n\n        </div>\n                <div class=\"product-item-info\">\n                <a data-href=\"/?productWidget-widgetCarousel-1novinky-id=25915&amp;do=productWidget-widgetCarousel-1novinky-modal\" class=\"product-name modal-link\" data-target=\"productWidget-widgetCarousel-1novinky-productModal\" onclick=\"kosikAjax.click(this)\" tabindex=\"-1\">\n                    Chia s granátovým jablkem v mangovém pyré - Dětská chuťovka 150g\n                </a>\n            <p class=\"product-item-price \">\n                <span class=\"price-before-discount\">\n\t\t\t\t</span>\n<strong class=\"price\">37,90 Kč</strong>\n\n            </p>\n            <p class=\"product-item-unit\">\n                    (<strong class=\"price\">252,70 Kč</strong> / kg)\n            </p>\n                        <div class=\"product-list-rating\">\n            </div>\n<div id=\"snippet-productWidget-widgetCarousel-1novinky-buy-25915-quantity\">        <div class=\"product-quantity-control\">\n            <form action=\"/\" method=\"post\" class=\"ajax\" id=\"frm-productWidget-widgetCarousel-1novinky-buy-25915-quantityForm\">\n                <input type=\"text\" name=\"quantity\" size=\"3\" id=\"frm-productWidget-widgetCarousel-1novinky-buy-25915-quantityForm-quantity\" data-nette-rules=\"[{&quot;op&quot;:&quot;:integer&quot;,&quot;msg&quot;:&quot;Množství musí být číslo.&quot;}]\" value=\"1\" tabindex=\"-1\">\n                <input type=\"submit\" name=\"_submit\" value=\"Přidat\" class=\"product-quantity-control-submit plus\" tabindex=\"-1\">\n            <input type=\"hidden\" name=\"do\" value=\"productWidget-widgetCarousel-1novinky-buy-25915-quantityForm-submit\" tabindex=\"-1\"><!--[if IE]><input type=IEbug disabled style=\"display:none\"><![endif]-->\n</form>\n\n        </div>\n</div>\n\n        </div>\n\n        \n    </div><div id=\"product-append-26497\" class=\"product-item slick-slide\" style=\"width: 253px;\" data-slick-index=\"45\" aria-hidden=\"true\" tabindex=\"-1\" role=\"option\" aria-describedby=\"slick-slide245\">\n        <div class=\"product-item-flags\">\n        </div>\n        <div class=\"product-item-image\">\n                <a data-href=\"/?productWidget-widgetCarousel-1novinky-id=26497&amp;do=productWidget-widgetCarousel-1novinky-modal\" data-target=\"productWidget-widgetCarousel-1novinky-productModal\" onclick=\"kosikAjax.click(this)\" tabindex=\"-1\">\n                    <img src=\"https://cdn.kosik.cz/content/product/jpg/list-retina/empty.jpg\" data-src=\"https://cdn.kosik.cz/content/product/jpg/list-retina/43717.jpg\" alt=\"Olma Selský jogurt bílý 4,7% 200g\" class=\"loading-images loading-image\">\n                </a>\n\n\n\n\n        </div>\n                <div class=\"product-item-info\">\n                <a data-href=\"/?productWidget-widgetCarousel-1novinky-id=26497&amp;do=productWidget-widgetCarousel-1novinky-modal\" class=\"product-name modal-link\" data-target=\"productWidget-widgetCarousel-1novinky-productModal\" onclick=\"kosikAjax.click(this)\" tabindex=\"-1\">\n                    Olma Selský jogurt bílý 4,7% 200g\n                </a>\n            <p class=\"product-item-price \">\n                <span class=\"price-before-discount\">\n\t\t\t\t</span>\n<strong class=\"price\">12,90 Kč</strong>\n\n            </p>\n            <p class=\"product-item-unit\">\n                    (<strong class=\"price\">64,50 Kč</strong> / kg)\n            </p>\n                        <div class=\"product-list-rating\">\n            </div>\n<div id=\"snippet-productWidget-widgetCarousel-1novinky-buy-26497-quantity\">        <div class=\"product-quantity-control\">\n            <form action=\"/\" method=\"post\" class=\"ajax\" id=\"frm-productWidget-widgetCarousel-1novinky-buy-26497-quantityForm\">\n                <input type=\"text\" name=\"quantity\" size=\"3\" id=\"frm-productWidget-widgetCarousel-1novinky-buy-26497-quantityForm-quantity\" data-nette-rules=\"[{&quot;op&quot;:&quot;:integer&quot;,&quot;msg&quot;:&quot;Množství musí být číslo.&quot;}]\" value=\"1\" tabindex=\"-1\">\n                <input type=\"submit\" name=\"_submit\" value=\"Přidat\" class=\"product-quantity-control-submit plus\" tabindex=\"-1\">\n            <input type=\"hidden\" name=\"do\" value=\"productWidget-widgetCarousel-1novinky-buy-26497-quantityForm-submit\" tabindex=\"-1\"><!--[if IE]><input type=IEbug disabled style=\"display:none\"><![endif]-->\n</form>\n\n        </div>\n</div>\n\n        </div>\n\n        \n    </div><div id=\"product-append-7784\" class=\"product-item slick-slide\" style=\"width: 253px;\" data-slick-index=\"46\" aria-hidden=\"true\" tabindex=\"-1\" role=\"option\" aria-describedby=\"slick-slide246\">\n        <div class=\"product-item-flags\">\n        </div>\n        <div class=\"product-item-image\">\n                <a data-href=\"/?productWidget-widgetCarousel-1novinky-id=7784&amp;do=productWidget-widgetCarousel-1novinky-modal\" data-target=\"productWidget-widgetCarousel-1novinky-productModal\" onclick=\"kosikAjax.click(this)\" tabindex=\"-1\">\n                    <img src=\"https://cdn.kosik.cz/content/product/jpg/list-retina/empty.jpg\" data-src=\"https://cdn.kosik.cz/content/product/jpg/list-retina/13133.jpg\" alt=\"Bonté Lahodná Termizovaná pomazánka Budapešť 120g\" class=\"loading-images loading-image\">\n                </a>\n\n\n\n\n        </div>\n                <div class=\"product-item-info\">\n                <a data-href=\"/?productWidget-widgetCarousel-1novinky-id=7784&amp;do=productWidget-widgetCarousel-1novinky-modal\" class=\"product-name modal-link\" data-target=\"productWidget-widgetCarousel-1novinky-productModal\" onclick=\"kosikAjax.click(this)\" tabindex=\"-1\">\n                    Bonté Lahodná Termizovaná pomazánka Budapešť 120g\n                </a>\n            <p class=\"product-item-price \">\n                <span class=\"price-before-discount\">\n\t\t\t\t</span>\n<strong class=\"price\">17,90 Kč</strong>\n\n            </p>\n            <p class=\"product-item-unit\">\n                    (<strong class=\"price\">149,20 Kč</strong> / kg)\n            </p>\n                        <div class=\"product-list-rating\">\n            </div>\n<div id=\"snippet-productWidget-widgetCarousel-1novinky-buy-7784-quantity\">        <div class=\"product-quantity-control\">\n            <form action=\"/\" method=\"post\" class=\"ajax\" id=\"frm-productWidget-widgetCarousel-1novinky-buy-7784-quantityForm\">\n                <input type=\"text\" name=\"quantity\" size=\"3\" id=\"frm-productWidget-widgetCarousel-1novinky-buy-7784-quantityForm-quantity\" data-nette-rules=\"[{&quot;op&quot;:&quot;:integer&quot;,&quot;msg&quot;:&quot;Množství musí být číslo.&quot;}]\" value=\"1\" tabindex=\"-1\">\n                <input type=\"submit\" name=\"_submit\" value=\"Přidat\" class=\"product-quantity-control-submit plus\" tabindex=\"-1\">\n            <input type=\"hidden\" name=\"do\" value=\"productWidget-widgetCarousel-1novinky-buy-7784-quantityForm-submit\" tabindex=\"-1\"><!--[if IE]><input type=IEbug disabled style=\"display:none\"><![endif]-->\n</form>\n\n        </div>\n</div>\n\n        </div>\n\n        \n    </div><div id=\"product-append-25918\" class=\"product-item slick-slide\" style=\"width: 253px;\" data-slick-index=\"47\" aria-hidden=\"true\" tabindex=\"-1\" role=\"option\" aria-describedby=\"slick-slide247\">\n        <div class=\"product-item-flags\">\n        </div>\n        <div class=\"product-item-image\">\n                <a data-href=\"/?productWidget-widgetCarousel-1novinky-id=25918&amp;do=productWidget-widgetCarousel-1novinky-modal\" data-target=\"productWidget-widgetCarousel-1novinky-productModal\" onclick=\"kosikAjax.click(this)\" tabindex=\"-1\">\n                    <img src=\"https://cdn.kosik.cz/content/product/jpg/list-retina/empty.jpg\" data-src=\"https://cdn.kosik.cz/content/product/jpg/list-retina/43198.jpg\" alt=\"Titbit Limeta zázvor med 150g\" class=\"loading-images loading-image\">\n                </a>\n\n\n\n\n        </div>\n                <div class=\"product-item-info\">\n                <a data-href=\"/?productWidget-widgetCarousel-1novinky-id=25918&amp;do=productWidget-widgetCarousel-1novinky-modal\" class=\"product-name modal-link\" data-target=\"productWidget-widgetCarousel-1novinky-productModal\" onclick=\"kosikAjax.click(this)\" tabindex=\"-1\">\n                    Titbit Limeta zázvor med 150g\n                </a>\n            <p class=\"product-item-price \">\n                <span class=\"price-before-discount\">\n\t\t\t\t</span>\n<strong class=\"price\">39,90 Kč</strong>\n\n            </p>\n            <p class=\"product-item-unit\">\n                    (<strong class=\"price\">266,00 Kč</strong> / kg)\n            </p>\n                        <div class=\"product-list-rating\">\n            </div>\n<div id=\"snippet-productWidget-widgetCarousel-1novinky-buy-25918-quantity\">        <div class=\"product-quantity-control\">\n            <form action=\"/\" method=\"post\" class=\"ajax\" id=\"frm-productWidget-widgetCarousel-1novinky-buy-25918-quantityForm\">\n                <input type=\"text\" name=\"quantity\" size=\"3\" id=\"frm-productWidget-widgetCarousel-1novinky-buy-25918-quantityForm-quantity\" data-nette-rules=\"[{&quot;op&quot;:&quot;:integer&quot;,&quot;msg&quot;:&quot;Množství musí být číslo.&quot;}]\" value=\"1\" tabindex=\"-1\">\n                <input type=\"submit\" name=\"_submit\" value=\"Přidat\" class=\"product-quantity-control-submit plus\" tabindex=\"-1\">\n            <input type=\"hidden\" name=\"do\" value=\"productWidget-widgetCarousel-1novinky-buy-25918-quantityForm-submit\" tabindex=\"-1\"><!--[if IE]><input type=IEbug disabled style=\"display:none\"><![endif]-->\n</form>\n\n        </div>\n</div>\n\n        </div>\n\n        \n    </div><div id=\"product-append-517\" class=\"product-item slick-slide\" style=\"width: 253px;\" data-slick-index=\"48\" aria-hidden=\"true\" tabindex=\"-1\" role=\"option\" aria-describedby=\"slick-slide248\">\n        <div class=\"product-item-flags\">\n        </div>\n        <div class=\"product-item-image\">\n                <a data-href=\"/?productWidget-widgetCarousel-1novinky-id=517&amp;do=productWidget-widgetCarousel-1novinky-modal\" data-target=\"productWidget-widgetCarousel-1novinky-productModal\" onclick=\"kosikAjax.click(this)\" tabindex=\"-1\">\n                    <img src=\"https://cdn.kosik.cz/content/product/jpg/list-retina/empty.jpg\" data-src=\"https://cdn.kosik.cz/content/product/jpg/list-retina/544.jpg\" alt=\"Krajanka Stracciatella zakysaná smetana 130g\" class=\"loading-images loading-image\">\n                </a>\n\n\n\n\n        </div>\n                <div class=\"product-item-info\">\n                <a data-href=\"/?productWidget-widgetCarousel-1novinky-id=517&amp;do=productWidget-widgetCarousel-1novinky-modal\" class=\"product-name modal-link\" data-target=\"productWidget-widgetCarousel-1novinky-productModal\" onclick=\"kosikAjax.click(this)\" tabindex=\"-1\">\n                    Krajanka Stracciatella zakysaná smetana 130g\n                </a>\n            <p class=\"product-item-price \">\n                <span class=\"price-before-discount\">\n\t\t\t\t</span>\n<strong class=\"price\">12,90 Kč</strong>\n\n            </p>\n            <p class=\"product-item-unit\">\n                    (<strong class=\"price\">99,20 Kč</strong> / kg)\n            </p>\n                        <div class=\"product-list-rating\">\n            </div>\n<div id=\"snippet-productWidget-widgetCarousel-1novinky-buy-517-quantity\">        <div class=\"product-quantity-control\">\n            <form action=\"/\" method=\"post\" class=\"ajax\" id=\"frm-productWidget-widgetCarousel-1novinky-buy-517-quantityForm\">\n                <input type=\"text\" name=\"quantity\" size=\"3\" id=\"frm-productWidget-widgetCarousel-1novinky-buy-517-quantityForm-quantity\" data-nette-rules=\"[{&quot;op&quot;:&quot;:integer&quot;,&quot;msg&quot;:&quot;Množství musí být číslo.&quot;}]\" value=\"1\" tabindex=\"-1\">\n                <input type=\"submit\" name=\"_submit\" value=\"Přidat\" class=\"product-quantity-control-submit plus\" tabindex=\"-1\">\n            <input type=\"hidden\" name=\"do\" value=\"productWidget-widgetCarousel-1novinky-buy-517-quantityForm-submit\" tabindex=\"-1\"><!--[if IE]><input type=IEbug disabled style=\"display:none\"><![endif]-->\n</form>\n\n        </div>\n</div>\n\n        </div>\n\n        \n    </div><div id=\"product-append-26030\" class=\"product-item slick-slide\" style=\"width: 253px;\" data-slick-index=\"49\" aria-hidden=\"true\" tabindex=\"-1\" role=\"option\" aria-describedby=\"slick-slide249\">\n        <div class=\"product-item-flags\">\n        </div>\n        <div class=\"product-item-image\">\n                <a data-href=\"/?productWidget-widgetCarousel-1novinky-id=26030&amp;do=productWidget-widgetCarousel-1novinky-modal\" data-target=\"productWidget-widgetCarousel-1novinky-productModal\" onclick=\"kosikAjax.click(this)\" tabindex=\"-1\">\n                    <img src=\"https://cdn.kosik.cz/content/product/jpg/list-retina/empty.jpg\" data-src=\"https://cdn.kosik.cz/content/product/jpg/list-retina/43302.jpg\" alt=\"Kromilk Čerstvý sýr rajče-bazalka 100g\" class=\"loading-images loading-image\">\n                </a>\n\n\n\n\n        </div>\n                <div class=\"product-item-info\">\n                <a data-href=\"/?productWidget-widgetCarousel-1novinky-id=26030&amp;do=productWidget-widgetCarousel-1novinky-modal\" class=\"product-name modal-link\" data-target=\"productWidget-widgetCarousel-1novinky-productModal\" onclick=\"kosikAjax.click(this)\" tabindex=\"-1\">\n                    Kromilk Čerstvý sýr rajče-bazalka 100g\n                </a>\n            <p class=\"product-item-price \">\n                <span class=\"price-before-discount\">\n\t\t\t\t</span>\n<strong class=\"price\">25,90 Kč</strong>\n\n            </p>\n            <p class=\"product-item-unit\">\n                    (<strong class=\"price\">259,00 Kč</strong> / kg)\n            </p>\n                        <div class=\"product-list-rating\">\n            </div>\n<div id=\"snippet-productWidget-widgetCarousel-1novinky-buy-26030-quantity\">        <div class=\"product-quantity-control\">\n            <form action=\"/\" method=\"post\" class=\"ajax\" id=\"frm-productWidget-widgetCarousel-1novinky-buy-26030-quantityForm\">\n                <input type=\"text\" name=\"quantity\" size=\"3\" id=\"frm-productWidget-widgetCarousel-1novinky-buy-26030-quantityForm-quantity\" data-nette-rules=\"[{&quot;op&quot;:&quot;:integer&quot;,&quot;msg&quot;:&quot;Množství musí být číslo.&quot;}]\" value=\"1\" tabindex=\"-1\">\n                <input type=\"submit\" name=\"_submit\" value=\"Přidat\" class=\"product-quantity-control-submit plus\" tabindex=\"-1\">\n            <input type=\"hidden\" name=\"do\" value=\"productWidget-widgetCarousel-1novinky-buy-26030-quantityForm-submit\" tabindex=\"-1\"><!--[if IE]><input type=IEbug disabled style=\"display:none\"><![endif]-->\n</form>\n\n        </div>\n</div>\n\n        </div>\n\n        \n    </div><div id=\"product-append-26026\" class=\"product-item slick-slide\" style=\"width: 253px;\" data-slick-index=\"50\" aria-hidden=\"true\" tabindex=\"-1\" role=\"option\" aria-describedby=\"slick-slide250\">\n        <div class=\"product-item-flags\">\n        </div>\n        <div class=\"product-item-image\">\n                <a data-href=\"/?productWidget-widgetCarousel-1novinky-id=26026&amp;do=productWidget-widgetCarousel-1novinky-modal\" data-target=\"productWidget-widgetCarousel-1novinky-productModal\" onclick=\"kosikAjax.click(this)\" tabindex=\"-1\">\n                    <img src=\"https://cdn.kosik.cz/content/product/jpg/list-retina/empty.jpg\" data-src=\"https://cdn.kosik.cz/content/product/jpg/list-retina/43298.jpg\" alt=\"Milkin acidofilní mléko boruvka/acai  500ml\" class=\"loading-images loading-image\">\n                </a>\n\n\n\n\n        </div>\n                <div class=\"product-item-info\">\n                <a data-href=\"/?productWidget-widgetCarousel-1novinky-id=26026&amp;do=productWidget-widgetCarousel-1novinky-modal\" class=\"product-name modal-link\" data-target=\"productWidget-widgetCarousel-1novinky-productModal\" onclick=\"kosikAjax.click(this)\" tabindex=\"-1\">\n                    Milkin acidofilní mléko boruvka/acai  500ml\n                </a>\n            <p class=\"product-item-price \">\n                <span class=\"price-before-discount\">\n\t\t\t\t</span>\n<strong class=\"price\">21,90 Kč</strong>\n\n            </p>\n            <p class=\"product-item-unit\">\n                    (<strong class=\"price\">43,80 Kč</strong> / l)\n            </p>\n                        <div class=\"product-list-rating\">\n            </div>\n<div id=\"snippet-productWidget-widgetCarousel-1novinky-buy-26026-quantity\">        <div class=\"product-quantity-control\">\n            <form action=\"/\" method=\"post\" class=\"ajax\" id=\"frm-productWidget-widgetCarousel-1novinky-buy-26026-quantityForm\">\n                <input type=\"text\" name=\"quantity\" size=\"3\" id=\"frm-productWidget-widgetCarousel-1novinky-buy-26026-quantityForm-quantity\" data-nette-rules=\"[{&quot;op&quot;:&quot;:integer&quot;,&quot;msg&quot;:&quot;Množství musí být číslo.&quot;}]\" value=\"1\" tabindex=\"-1\">\n                <input type=\"submit\" name=\"_submit\" value=\"Přidat\" class=\"product-quantity-control-submit plus\" tabindex=\"-1\">\n            <input type=\"hidden\" name=\"do\" value=\"productWidget-widgetCarousel-1novinky-buy-26026-quantityForm-submit\" tabindex=\"-1\"><!--[if IE]><input type=IEbug disabled style=\"display:none\"><![endif]-->\n</form>\n\n        </div>\n</div>\n\n        </div>\n\n        \n    </div><div id=\"product-append-26025\" class=\"product-item slick-slide\" style=\"width: 253px;\" data-slick-index=\"51\" aria-hidden=\"true\" tabindex=\"-1\" role=\"option\" aria-describedby=\"slick-slide251\">\n        <div class=\"product-item-flags\">\n        </div>\n        <div class=\"product-item-image\">\n                <a data-href=\"/?productWidget-widgetCarousel-1novinky-id=26025&amp;do=productWidget-widgetCarousel-1novinky-modal\" data-target=\"productWidget-widgetCarousel-1novinky-productModal\" onclick=\"kosikAjax.click(this)\" tabindex=\"-1\">\n                    <img src=\"https://cdn.kosik.cz/content/product/jpg/list-retina/empty.jpg\" data-src=\"https://cdn.kosik.cz/content/product/jpg/list-retina/43297.jpg\" alt=\"Krajanka Nugátová zakysaná smetana 130g\" class=\"loading-images loading-image\">\n                </a>\n\n\n\n\n        </div>\n                <div class=\"product-item-info\">\n                <a data-href=\"/?productWidget-widgetCarousel-1novinky-id=26025&amp;do=productWidget-widgetCarousel-1novinky-modal\" class=\"product-name modal-link\" data-target=\"productWidget-widgetCarousel-1novinky-productModal\" onclick=\"kosikAjax.click(this)\" tabindex=\"-1\">\n                    Krajanka Nugátová zakysaná smetana 130g\n                </a>\n            <p class=\"product-item-price \">\n                <span class=\"price-before-discount\">\n\t\t\t\t</span>\n<strong class=\"price\">12,90 Kč</strong>\n\n            </p>\n            <p class=\"product-item-unit\">\n                    (<strong class=\"price\">99,20 Kč</strong> / kg)\n            </p>\n                        <div class=\"product-list-rating\">\n            </div>\n<div id=\"snippet-productWidget-widgetCarousel-1novinky-buy-26025-quantity\">        <div class=\"product-quantity-control\">\n            <form action=\"/\" method=\"post\" class=\"ajax\" id=\"frm-productWidget-widgetCarousel-1novinky-buy-26025-quantityForm\">\n                <input type=\"text\" name=\"quantity\" size=\"3\" id=\"frm-productWidget-widgetCarousel-1novinky-buy-26025-quantityForm-quantity\" data-nette-rules=\"[{&quot;op&quot;:&quot;:integer&quot;,&quot;msg&quot;:&quot;Množství musí být číslo.&quot;}]\" value=\"1\" tabindex=\"-1\">\n                <input type=\"submit\" name=\"_submit\" value=\"Přidat\" class=\"product-quantity-control-submit plus\" tabindex=\"-1\">\n            <input type=\"hidden\" name=\"do\" value=\"productWidget-widgetCarousel-1novinky-buy-26025-quantityForm-submit\" tabindex=\"-1\"><!--[if IE]><input type=IEbug disabled style=\"display:none\"><![endif]-->\n</form>\n\n        </div>\n</div>\n\n        </div>\n\n        \n    </div><div id=\"product-append-26018\" class=\"product-item slick-slide\" style=\"width: 253px;\" data-slick-index=\"52\" aria-hidden=\"true\" tabindex=\"-1\" role=\"option\" aria-describedby=\"slick-slide252\">\n        <div class=\"product-item-flags\">\n        </div>\n        <div class=\"product-item-image\">\n                <a data-href=\"/?productWidget-widgetCarousel-1novinky-id=26018&amp;do=productWidget-widgetCarousel-1novinky-modal\" data-target=\"productWidget-widgetCarousel-1novinky-productModal\" onclick=\"kosikAjax.click(this)\" tabindex=\"-1\">\n                    <img src=\"https://cdn.kosik.cz/content/product/jpg/list-retina/empty.jpg\" data-src=\"https://cdn.kosik.cz/content/product/jpg/list-retina/43290.jpg\" alt=\"Krajanka  Moje chvilka višeň zakysaná smetana 130g\" class=\"loading-images loading-image\">\n                </a>\n\n\n\n\n        </div>\n                <div class=\"product-item-info\">\n                <a data-href=\"/?productWidget-widgetCarousel-1novinky-id=26018&amp;do=productWidget-widgetCarousel-1novinky-modal\" class=\"product-name modal-link\" data-target=\"productWidget-widgetCarousel-1novinky-productModal\" onclick=\"kosikAjax.click(this)\" tabindex=\"-1\">\n                    Krajanka  Moje chvilka višeň zakysaná smetana 130g\n                </a>\n            <p class=\"product-item-price \">\n                <span class=\"price-before-discount\">\n\t\t\t\t</span>\n<strong class=\"price\">12,90 Kč</strong>\n\n            </p>\n            <p class=\"product-item-unit\">\n                    (<strong class=\"price\">99,20 Kč</strong> / kg)\n            </p>\n                        <div class=\"product-list-rating\">\n            </div>\n<div id=\"snippet-productWidget-widgetCarousel-1novinky-buy-26018-quantity\">        <div class=\"product-quantity-control\">\n            <form action=\"/\" method=\"post\" class=\"ajax\" id=\"frm-productWidget-widgetCarousel-1novinky-buy-26018-quantityForm\">\n                <input type=\"text\" name=\"quantity\" size=\"3\" id=\"frm-productWidget-widgetCarousel-1novinky-buy-26018-quantityForm-quantity\" data-nette-rules=\"[{&quot;op&quot;:&quot;:integer&quot;,&quot;msg&quot;:&quot;Množství musí být číslo.&quot;}]\" value=\"1\" tabindex=\"-1\">\n                <input type=\"submit\" name=\"_submit\" value=\"Přidat\" class=\"product-quantity-control-submit plus\" tabindex=\"-1\">\n            <input type=\"hidden\" name=\"do\" value=\"productWidget-widgetCarousel-1novinky-buy-26018-quantityForm-submit\" tabindex=\"-1\"><!--[if IE]><input type=IEbug disabled style=\"display:none\"><![endif]-->\n</form>\n\n        </div>\n</div>\n\n        </div>\n\n        \n    </div><div id=\"product-append-26048\" class=\"product-item slick-slide\" style=\"width: 253px;\" data-slick-index=\"53\" aria-hidden=\"true\" tabindex=\"-1\" role=\"option\" aria-describedby=\"slick-slide253\">\n        <div class=\"product-item-flags\">\n        </div>\n        <div class=\"product-item-image\">\n                <a data-href=\"/?productWidget-widgetCarousel-1novinky-id=26048&amp;do=productWidget-widgetCarousel-1novinky-modal\" data-target=\"productWidget-widgetCarousel-1novinky-productModal\" onclick=\"kosikAjax.click(this)\" tabindex=\"-1\">\n                    <img src=\"https://cdn.kosik.cz/content/product/jpg/list-retina/empty.jpg\" data-src=\"https://cdn.kosik.cz/content/product/jpg/list-retina/43320.jpg\" alt=\"Milko Farmářský smetanový jogurt bílý 145g\" class=\"loading-images loading-image\">\n                </a>\n\n\n\n\n        </div>\n                <div class=\"product-item-info\">\n                <a data-href=\"/?productWidget-widgetCarousel-1novinky-id=26048&amp;do=productWidget-widgetCarousel-1novinky-modal\" class=\"product-name modal-link\" data-target=\"productWidget-widgetCarousel-1novinky-productModal\" onclick=\"kosikAjax.click(this)\" tabindex=\"-1\">\n                    Milko Farmářský smetanový jogurt bílý 145g\n                </a>\n            <p class=\"product-item-price \">\n                <span class=\"price-before-discount\">\n\t\t\t\t</span>\n<strong class=\"price\">11,90 Kč</strong>\n\n            </p>\n            <p class=\"product-item-unit\">\n                    (<strong class=\"price\">82,10 Kč</strong> / kg)\n            </p>\n                        <div class=\"product-list-rating\">\n            </div>\n<div id=\"snippet-productWidget-widgetCarousel-1novinky-buy-26048-quantity\">        <div class=\"product-quantity-control\">\n            <form action=\"/\" method=\"post\" class=\"ajax\" id=\"frm-productWidget-widgetCarousel-1novinky-buy-26048-quantityForm\">\n                <input type=\"text\" name=\"quantity\" size=\"3\" id=\"frm-productWidget-widgetCarousel-1novinky-buy-26048-quantityForm-quantity\" data-nette-rules=\"[{&quot;op&quot;:&quot;:integer&quot;,&quot;msg&quot;:&quot;Množství musí být číslo.&quot;}]\" value=\"1\" tabindex=\"-1\">\n                <input type=\"submit\" name=\"_submit\" value=\"Přidat\" class=\"product-quantity-control-submit plus\" tabindex=\"-1\">\n            <input type=\"hidden\" name=\"do\" value=\"productWidget-widgetCarousel-1novinky-buy-26048-quantityForm-submit\" tabindex=\"-1\"><!--[if IE]><input type=IEbug disabled style=\"display:none\"><![endif]-->\n</form>\n\n        </div>\n</div>\n\n        </div>\n\n        \n    </div><div id=\"product-append-26028\" class=\"product-item slick-slide\" style=\"width: 253px;\" data-slick-index=\"54\" aria-hidden=\"true\" tabindex=\"-1\" role=\"option\" aria-describedby=\"slick-slide254\">\n        <div class=\"product-item-flags\">\n        </div>\n        <div class=\"product-item-image\">\n                <a data-href=\"/?productWidget-widgetCarousel-1novinky-id=26028&amp;do=productWidget-widgetCarousel-1novinky-modal\" data-target=\"productWidget-widgetCarousel-1novinky-productModal\" onclick=\"kosikAjax.click(this)\" tabindex=\"-1\">\n                    <img src=\"https://cdn.kosik.cz/content/product/jpg/list-retina/empty.jpg\" data-src=\"https://cdn.kosik.cz/content/product/jpg/list-retina/43300.jpg\" alt=\"Blaník Žervé  termizovaný sýr pažitka 80g\" class=\"loading-images loading-image\">\n                </a>\n\n\n\n\n        </div>\n                <div class=\"product-item-info\">\n                <a data-href=\"/?productWidget-widgetCarousel-1novinky-id=26028&amp;do=productWidget-widgetCarousel-1novinky-modal\" class=\"product-name modal-link\" data-target=\"productWidget-widgetCarousel-1novinky-productModal\" onclick=\"kosikAjax.click(this)\" tabindex=\"-1\">\n                    Blaník Žervé  termizovaný sýr pažitka 80g\n                </a>\n            <p class=\"product-item-price \">\n                <span class=\"price-before-discount\">\n\t\t\t\t</span>\n<strong class=\"price\">14,90 Kč</strong>\n\n            </p>\n            <p class=\"product-item-unit\">\n                    (<strong class=\"price\">186,30 Kč</strong> / kg)\n            </p>\n                        <div class=\"product-list-rating\">\n            </div>\n<div id=\"snippet-productWidget-widgetCarousel-1novinky-buy-26028-quantity\">        <div class=\"product-quantity-control\">\n            <form action=\"/\" method=\"post\" class=\"ajax\" id=\"frm-productWidget-widgetCarousel-1novinky-buy-26028-quantityForm\">\n                <input type=\"text\" name=\"quantity\" size=\"3\" id=\"frm-productWidget-widgetCarousel-1novinky-buy-26028-quantityForm-quantity\" data-nette-rules=\"[{&quot;op&quot;:&quot;:integer&quot;,&quot;msg&quot;:&quot;Množství musí být číslo.&quot;}]\" value=\"1\" tabindex=\"-1\">\n                <input type=\"submit\" name=\"_submit\" value=\"Přidat\" class=\"product-quantity-control-submit plus\" tabindex=\"-1\">\n            <input type=\"hidden\" name=\"do\" value=\"productWidget-widgetCarousel-1novinky-buy-26028-quantityForm-submit\" tabindex=\"-1\"><!--[if IE]><input type=IEbug disabled style=\"display:none\"><![endif]-->\n</form>\n\n        </div>\n</div>\n\n        </div>\n\n        \n    </div><div id=\"product-append-26050\" class=\"product-item slick-slide\" style=\"width: 253px;\" data-slick-index=\"55\" aria-hidden=\"true\" tabindex=\"-1\" role=\"option\" aria-describedby=\"slick-slide255\">\n        <div class=\"product-item-flags\">\n        </div>\n        <div class=\"product-item-image\">\n                <a data-href=\"/?productWidget-widgetCarousel-1novinky-id=26050&amp;do=productWidget-widgetCarousel-1novinky-modal\" data-target=\"productWidget-widgetCarousel-1novinky-productModal\" onclick=\"kosikAjax.click(this)\" tabindex=\"-1\">\n                    <img src=\"https://cdn.kosik.cz/content/product/jpg/list-retina/empty.jpg\" data-src=\"https://cdn.kosik.cz/content/product/jpg/list-retina/43322.jpg\" alt=\"Milko Bio Řecký jogurt bílý 0% 130g\" class=\"loading-images loading-image\">\n                </a>\n\n\n\n\n        </div>\n                <div class=\"product-item-info\">\n                <a data-href=\"/?productWidget-widgetCarousel-1novinky-id=26050&amp;do=productWidget-widgetCarousel-1novinky-modal\" class=\"product-name modal-link\" data-target=\"productWidget-widgetCarousel-1novinky-productModal\" onclick=\"kosikAjax.click(this)\" tabindex=\"-1\">\n                    Milko Bio Řecký jogurt bílý 0% 130g\n                </a>\n            <p class=\"product-item-price \">\n                <span class=\"price-before-discount\">\n\t\t\t\t</span>\n<strong class=\"price\">16,90 Kč</strong>\n\n            </p>\n            <p class=\"product-item-unit\">\n                    (<strong class=\"price\">130,00 Kč</strong> / kg)\n            </p>\n                        <div class=\"product-list-rating\">\n            </div>\n<div id=\"snippet-productWidget-widgetCarousel-1novinky-buy-26050-quantity\">        <div class=\"product-quantity-control\">\n            <form action=\"/\" method=\"post\" class=\"ajax\" id=\"frm-productWidget-widgetCarousel-1novinky-buy-26050-quantityForm\">\n                <input type=\"text\" name=\"quantity\" size=\"3\" id=\"frm-productWidget-widgetCarousel-1novinky-buy-26050-quantityForm-quantity\" data-nette-rules=\"[{&quot;op&quot;:&quot;:integer&quot;,&quot;msg&quot;:&quot;Množství musí být číslo.&quot;}]\" value=\"1\" tabindex=\"-1\">\n                <input type=\"submit\" name=\"_submit\" value=\"Přidat\" class=\"product-quantity-control-submit plus\" tabindex=\"-1\">\n            <input type=\"hidden\" name=\"do\" value=\"productWidget-widgetCarousel-1novinky-buy-26050-quantityForm-submit\" tabindex=\"-1\"><!--[if IE]><input type=IEbug disabled style=\"display:none\"><![endif]-->\n</form>\n\n        </div>\n</div>\n\n        </div>\n\n        \n    </div><div id=\"product-append-26027\" class=\"product-item slick-slide\" style=\"width: 253px;\" data-slick-index=\"56\" aria-hidden=\"true\" tabindex=\"-1\" role=\"option\" aria-describedby=\"slick-slide256\">\n        <div class=\"product-item-flags\">\n        </div>\n        <div class=\"product-item-image\">\n                <a data-href=\"/?productWidget-widgetCarousel-1novinky-id=26027&amp;do=productWidget-widgetCarousel-1novinky-modal\" data-target=\"productWidget-widgetCarousel-1novinky-productModal\" onclick=\"kosikAjax.click(this)\" tabindex=\"-1\">\n                    <img src=\"https://cdn.kosik.cz/content/product/jpg/list-retina/empty.jpg\" data-src=\"https://cdn.kosik.cz/content/product/jpg/list-retina/43299.jpg\" alt=\"Blaník  Žervé termizovaný sýr kapie  80g\" class=\"loading-images loading-image\">\n                </a>\n\n\n\n\n        </div>\n                <div class=\"product-item-info\">\n                <a data-href=\"/?productWidget-widgetCarousel-1novinky-id=26027&amp;do=productWidget-widgetCarousel-1novinky-modal\" class=\"product-name modal-link\" data-target=\"productWidget-widgetCarousel-1novinky-productModal\" onclick=\"kosikAjax.click(this)\" tabindex=\"-1\">\n                    Blaník  Žervé termizovaný sýr kapie  80g\n                </a>\n            <p class=\"product-item-price \">\n                <span class=\"price-before-discount\">\n\t\t\t\t</span>\n<strong class=\"price\">14,90 Kč</strong>\n\n            </p>\n            <p class=\"product-item-unit\">\n                    (<strong class=\"price\">186,30 Kč</strong> / kg)\n            </p>\n                        <div class=\"product-list-rating\">\n            </div>\n<div id=\"snippet-productWidget-widgetCarousel-1novinky-buy-26027-quantity\">        <div class=\"product-quantity-control\">\n            <form action=\"/\" method=\"post\" class=\"ajax\" id=\"frm-productWidget-widgetCarousel-1novinky-buy-26027-quantityForm\">\n                <input type=\"text\" name=\"quantity\" size=\"3\" id=\"frm-productWidget-widgetCarousel-1novinky-buy-26027-quantityForm-quantity\" data-nette-rules=\"[{&quot;op&quot;:&quot;:integer&quot;,&quot;msg&quot;:&quot;Množství musí být číslo.&quot;}]\" value=\"1\" tabindex=\"-1\">\n                <input type=\"submit\" name=\"_submit\" value=\"Přidat\" class=\"product-quantity-control-submit plus\" tabindex=\"-1\">\n            <input type=\"hidden\" name=\"do\" value=\"productWidget-widgetCarousel-1novinky-buy-26027-quantityForm-submit\" tabindex=\"-1\"><!--[if IE]><input type=IEbug disabled style=\"display:none\"><![endif]-->\n</form>\n\n        </div>\n</div>\n\n        </div>\n\n        \n    </div><div id=\"product-append-7786\" class=\"product-item slick-slide\" style=\"width: 253px;\" data-slick-index=\"57\" aria-hidden=\"true\" tabindex=\"-1\" role=\"option\" aria-describedby=\"slick-slide257\">\n        <div class=\"product-item-flags\">\n        </div>\n        <div class=\"product-item-image\">\n                <a data-href=\"/?productWidget-widgetCarousel-1novinky-id=7786&amp;do=productWidget-widgetCarousel-1novinky-modal\" data-target=\"productWidget-widgetCarousel-1novinky-productModal\" onclick=\"kosikAjax.click(this)\" tabindex=\"-1\">\n                    <img src=\"https://cdn.kosik.cz/content/product/jpg/list-retina/empty.jpg\" data-src=\"https://cdn.kosik.cz/content/product/jpg/list-retina/13135.jpg\" alt=\"Bonté Lahodná Termizovaná pomazánka s bylinkami 120g\" class=\"loading-images loading-image\">\n                </a>\n\n\n\n\n        </div>\n                <div class=\"product-item-info\">\n                <a data-href=\"/?productWidget-widgetCarousel-1novinky-id=7786&amp;do=productWidget-widgetCarousel-1novinky-modal\" class=\"product-name modal-link\" data-target=\"productWidget-widgetCarousel-1novinky-productModal\" onclick=\"kosikAjax.click(this)\" tabindex=\"-1\">\n                    Bonté Lahodná Termizovaná pomazánka s bylinkami 120g\n                </a>\n            <p class=\"product-item-price \">\n                <span class=\"price-before-discount\">\n\t\t\t\t</span>\n<strong class=\"price\">17,90 Kč</strong>\n\n            </p>\n            <p class=\"product-item-unit\">\n                    (<strong class=\"price\">149,20 Kč</strong> / kg)\n            </p>\n                        <div class=\"product-list-rating\">\n            </div>\n<div id=\"snippet-productWidget-widgetCarousel-1novinky-buy-7786-quantity\">        <div class=\"product-quantity-control\">\n            <form action=\"/\" method=\"post\" class=\"ajax\" id=\"frm-productWidget-widgetCarousel-1novinky-buy-7786-quantityForm\">\n                <input type=\"text\" name=\"quantity\" size=\"3\" id=\"frm-productWidget-widgetCarousel-1novinky-buy-7786-quantityForm-quantity\" data-nette-rules=\"[{&quot;op&quot;:&quot;:integer&quot;,&quot;msg&quot;:&quot;Množství musí být číslo.&quot;}]\" value=\"1\" tabindex=\"-1\">\n                <input type=\"submit\" name=\"_submit\" value=\"Přidat\" class=\"product-quantity-control-submit plus\" tabindex=\"-1\">\n            <input type=\"hidden\" name=\"do\" value=\"productWidget-widgetCarousel-1novinky-buy-7786-quantityForm-submit\" tabindex=\"-1\"><!--[if IE]><input type=IEbug disabled style=\"display:none\"><![endif]-->\n</form>\n\n        </div>\n</div>\n\n        </div>\n\n        \n    </div><div id=\"product-append-5778\" class=\"product-item slick-slide\" style=\"width: 253px;\" data-slick-index=\"58\" aria-hidden=\"true\" tabindex=\"-1\" role=\"option\" aria-describedby=\"slick-slide258\">\n        <div class=\"product-item-flags\">\n        </div>\n        <div class=\"product-item-image\">\n                <a data-href=\"/?productWidget-widgetCarousel-1novinky-id=5778&amp;do=productWidget-widgetCarousel-1novinky-modal\" data-target=\"productWidget-widgetCarousel-1novinky-productModal\" onclick=\"kosikAjax.click(this)\" tabindex=\"-1\">\n                    <img src=\"https://cdn.kosik.cz/content/product/jpg/list-retina/empty.jpg\" data-src=\"https://cdn.kosik.cz/content/product/jpg/list-retina/7462.jpg\" alt=\"Milko Matylda smetanová bio 120g\" class=\"loading-images loading-image\">\n                </a>\n\n\n\n\n        </div>\n                <div class=\"product-item-info\">\n                <a data-href=\"/?productWidget-widgetCarousel-1novinky-id=5778&amp;do=productWidget-widgetCarousel-1novinky-modal\" class=\"product-name modal-link\" data-target=\"productWidget-widgetCarousel-1novinky-productModal\" onclick=\"kosikAjax.click(this)\" tabindex=\"-1\">\n                    Milko Matylda smetanová bio 120g\n                </a>\n            <p class=\"product-item-price \">\n                <span class=\"price-before-discount\">\n\t\t\t\t</span>\n<strong class=\"price\">22,90 Kč</strong>\n\n            </p>\n            <p class=\"product-item-unit\">\n                    (<strong class=\"price\">190,80 Kč</strong> / kg)\n            </p>\n                        <div class=\"product-list-rating\">\n            </div>\n<div id=\"snippet-productWidget-widgetCarousel-1novinky-buy-5778-quantity\">        <div class=\"product-quantity-control\">\n            <form action=\"/\" method=\"post\" class=\"ajax\" id=\"frm-productWidget-widgetCarousel-1novinky-buy-5778-quantityForm\">\n                <input type=\"text\" name=\"quantity\" size=\"3\" id=\"frm-productWidget-widgetCarousel-1novinky-buy-5778-quantityForm-quantity\" data-nette-rules=\"[{&quot;op&quot;:&quot;:integer&quot;,&quot;msg&quot;:&quot;Množství musí být číslo.&quot;}]\" value=\"1\" tabindex=\"-1\">\n                <input type=\"submit\" name=\"_submit\" value=\"Přidat\" class=\"product-quantity-control-submit plus\" tabindex=\"-1\">\n            <input type=\"hidden\" name=\"do\" value=\"productWidget-widgetCarousel-1novinky-buy-5778-quantityForm-submit\" tabindex=\"-1\"><!--[if IE]><input type=IEbug disabled style=\"display:none\"><![endif]-->\n</form>\n\n        </div>\n</div>\n\n        </div>\n\n        \n    </div><div id=\"product-append-24378\" class=\"product-item slick-slide\" style=\"width: 253px;\" data-slick-index=\"59\" aria-hidden=\"true\" tabindex=\"-1\" role=\"option\" aria-describedby=\"slick-slide259\">\n        <div class=\"product-item-flags\">\n        </div>\n        <div class=\"product-item-image\">\n                <a data-href=\"/?productWidget-widgetCarousel-1novinky-id=24378&amp;do=productWidget-widgetCarousel-1novinky-modal\" data-target=\"productWidget-widgetCarousel-1novinky-productModal\" onclick=\"kosikAjax.click(this)\" tabindex=\"-1\">\n                    <img src=\"https://cdn.kosik.cz/content/product/jpg/list-retina/empty.jpg\" data-src=\"https://cdn.kosik.cz/content/product/jpg/list-retina/41623.jpg\" alt=\"PRAVE Rakovník Česnekový bok krájený (cca 150g)\" class=\"loading-images loading-image\">\n                </a>\n\n\n\n\n        </div>\n                <div class=\"product-item-info\">\n                <a data-href=\"/?productWidget-widgetCarousel-1novinky-id=24378&amp;do=productWidget-widgetCarousel-1novinky-modal\" class=\"product-name modal-link\" data-target=\"productWidget-widgetCarousel-1novinky-productModal\" onclick=\"kosikAjax.click(this)\" tabindex=\"-1\">\n                    PRAVE Rakovník Česnekový bok krájený (cca 150g)\n                </a>\n            <p class=\"product-item-price \">\n                <span class=\"price-before-discount\">\n\t\t\t\t</span>\n                <small class=\"circa-prefix\">cca </small><strong class=\"price\">22,50 Kč</strong>\n\n            </p>\n            <p class=\"product-item-unit\">\n                    (<strong class=\"price\">149,90 Kč</strong> / kg)\n            </p>\n                        <div class=\"product-list-rating\">\n            </div>\n<div id=\"snippet-productWidget-widgetCarousel-1novinky-buy-24378-quantity\">        <div class=\"product-quantity-control\">\n            <form action=\"/\" method=\"post\" class=\"ajax\" id=\"frm-productWidget-widgetCarousel-1novinky-buy-24378-quantityForm\">\n                <input type=\"text\" name=\"quantity\" size=\"3\" id=\"frm-productWidget-widgetCarousel-1novinky-buy-24378-quantityForm-quantity\" data-nette-rules=\"[{&quot;op&quot;:&quot;:integer&quot;,&quot;msg&quot;:&quot;Množství musí být číslo.&quot;}]\" value=\"1\" tabindex=\"-1\">\n                <input type=\"submit\" name=\"_submit\" value=\"Přidat\" class=\"product-quantity-control-submit plus\" tabindex=\"-1\">\n            <input type=\"hidden\" name=\"do\" value=\"productWidget-widgetCarousel-1novinky-buy-24378-quantityForm-submit\" tabindex=\"-1\"><!--[if IE]><input type=IEbug disabled style=\"display:none\"><![endif]-->\n</form>\n\n        </div>\n</div>\n\n        </div>\n\n        \n    </div><div id=\"product-append-25767\" class=\"product-item slick-slide\" style=\"width: 253px;\" data-slick-index=\"60\" aria-hidden=\"true\" tabindex=\"-1\" role=\"option\" aria-describedby=\"slick-slide260\">\n        <div class=\"product-item-flags\">\n        </div>\n        <div class=\"product-item-image\">\n                <a data-href=\"/?productWidget-widgetCarousel-1novinky-id=25767&amp;do=productWidget-widgetCarousel-1novinky-modal\" data-target=\"productWidget-widgetCarousel-1novinky-productModal\" onclick=\"kosikAjax.click(this)\" tabindex=\"-1\">\n                    <img src=\"https://cdn.kosik.cz/content/product/jpg/list-retina/empty.jpg\" data-src=\"https://cdn.kosik.cz/content/product/jpg/list-retina/43048.jpg\" alt=\"Treska světlá filet skin cca 250g\" class=\"loading-images loading-image\">\n                </a>\n\n\n\n\n        </div>\n                <div class=\"product-item-info\">\n                <a data-href=\"/?productWidget-widgetCarousel-1novinky-id=25767&amp;do=productWidget-widgetCarousel-1novinky-modal\" class=\"product-name modal-link\" data-target=\"productWidget-widgetCarousel-1novinky-productModal\" onclick=\"kosikAjax.click(this)\" tabindex=\"-1\">\n                    Treska světlá filet skin cca 250g\n                </a>\n            <p class=\"product-item-price \">\n                <span class=\"price-before-discount\">\n\t\t\t\t</span>\n                <small class=\"circa-prefix\">cca </small><strong class=\"price\">99,80 Kč</strong>\n\n            </p>\n            <p class=\"product-item-unit\">\n                    (<strong class=\"price\">399,00 Kč</strong> / kg)\n            </p>\n                        <div class=\"product-list-rating\">\n            </div>\n<div id=\"snippet-productWidget-widgetCarousel-1novinky-buy-25767-quantity\">        <div class=\"product-quantity-control\">\n            <form action=\"/\" method=\"post\" class=\"ajax\" id=\"frm-productWidget-widgetCarousel-1novinky-buy-25767-quantityForm\">\n                <input type=\"text\" name=\"quantity\" size=\"3\" id=\"frm-productWidget-widgetCarousel-1novinky-buy-25767-quantityForm-quantity\" data-nette-rules=\"[{&quot;op&quot;:&quot;:integer&quot;,&quot;msg&quot;:&quot;Množství musí být číslo.&quot;}]\" value=\"1\" tabindex=\"-1\">\n                <input type=\"submit\" name=\"_submit\" value=\"Přidat\" class=\"product-quantity-control-submit plus\" tabindex=\"-1\">\n            <input type=\"hidden\" name=\"do\" value=\"productWidget-widgetCarousel-1novinky-buy-25767-quantityForm-submit\" tabindex=\"-1\"><!--[if IE]><input type=IEbug disabled style=\"display:none\"><![endif]-->\n</form>\n\n        </div>\n</div>\n\n        </div>\n\n        \n    </div><div id=\"product-append-748\" class=\"product-item slick-slide\" style=\"width: 253px;\" data-slick-index=\"61\" aria-hidden=\"true\" tabindex=\"-1\" role=\"option\" aria-describedby=\"slick-slide261\">\n        <div class=\"product-item-flags\">\n        </div>\n        <div class=\"product-item-image\">\n                <a data-href=\"/?productWidget-widgetCarousel-1novinky-id=748&amp;do=productWidget-widgetCarousel-1novinky-modal\" data-target=\"productWidget-widgetCarousel-1novinky-productModal\" onclick=\"kosikAjax.click(this)\" tabindex=\"-1\">\n                    <img src=\"https://cdn.kosik.cz/content/product/jpg/list-retina/empty.jpg\" data-src=\"https://cdn.kosik.cz/content/product/jpg/list-retina/782.jpg\" alt=\"Sedlčanský Tvaroh tvrdý 125g\" class=\"loading-images loading-image\">\n                </a>\n\n\n\n\n        </div>\n                <div class=\"product-item-info\">\n                <a data-href=\"/?productWidget-widgetCarousel-1novinky-id=748&amp;do=productWidget-widgetCarousel-1novinky-modal\" class=\"product-name modal-link\" data-target=\"productWidget-widgetCarousel-1novinky-productModal\" onclick=\"kosikAjax.click(this)\" tabindex=\"-1\">\n                    Sedlčanský Tvaroh tvrdý 125g\n                </a>\n            <p class=\"product-item-price \">\n                <span class=\"price-before-discount\">\n\t\t\t\t</span>\n<strong class=\"price\">22,90 Kč</strong>\n\n            </p>\n            <p class=\"product-item-unit\">\n                    (<strong class=\"price\">183,20 Kč</strong> / kg)\n            </p>\n                        <div class=\"product-list-rating\">\n            </div>\n<div id=\"snippet-productWidget-widgetCarousel-1novinky-buy-748-quantity\">        <div class=\"product-quantity-control\">\n            <form action=\"/\" method=\"post\" class=\"ajax\" id=\"frm-productWidget-widgetCarousel-1novinky-buy-748-quantityForm\">\n                <input type=\"text\" name=\"quantity\" size=\"3\" id=\"frm-productWidget-widgetCarousel-1novinky-buy-748-quantityForm-quantity\" data-nette-rules=\"[{&quot;op&quot;:&quot;:integer&quot;,&quot;msg&quot;:&quot;Množství musí být číslo.&quot;}]\" value=\"1\" tabindex=\"-1\">\n                <input type=\"submit\" name=\"_submit\" value=\"Přidat\" class=\"product-quantity-control-submit plus\" tabindex=\"-1\">\n            <input type=\"hidden\" name=\"do\" value=\"productWidget-widgetCarousel-1novinky-buy-748-quantityForm-submit\" tabindex=\"-1\"><!--[if IE]><input type=IEbug disabled style=\"display:none\"><![endif]-->\n</form>\n\n        </div>\n</div>\n\n        </div>\n\n        \n    </div><div id=\"product-append-26096\" class=\"product-item slick-slide\" style=\"width: 253px;\" data-slick-index=\"62\" aria-hidden=\"true\" tabindex=\"-1\" role=\"option\" aria-describedby=\"slick-slide262\">\n        <div class=\"product-item-flags\">\n        </div>\n        <div class=\"product-item-image\">\n                <a data-href=\"/?productWidget-widgetCarousel-1novinky-id=26096&amp;do=productWidget-widgetCarousel-1novinky-modal\" data-target=\"productWidget-widgetCarousel-1novinky-productModal\" onclick=\"kosikAjax.click(this)\" tabindex=\"-1\">\n                    <img src=\"https://cdn.kosik.cz/content/product/jpg/list-retina/empty.jpg\" data-src=\"https://cdn.kosik.cz/content/product/jpg/list-retina/43370.jpg\" alt=\"Lay's Strong Hot Chicken Wings 77g\" class=\"loading-images loading-image\">\n                </a>\n\n\n\n\n        </div>\n                <div class=\"product-item-info\">\n                <a data-href=\"/?productWidget-widgetCarousel-1novinky-id=26096&amp;do=productWidget-widgetCarousel-1novinky-modal\" class=\"product-name modal-link\" data-target=\"productWidget-widgetCarousel-1novinky-productModal\" onclick=\"kosikAjax.click(this)\" tabindex=\"-1\">\n                    Lay's Strong Hot Chicken Wings 77g\n                </a>\n            <p class=\"product-item-price \">\n                <span class=\"price-before-discount\">\n\t\t\t\t</span>\n<strong class=\"price\">21,90 Kč</strong>\n\n            </p>\n            <p class=\"product-item-unit\">\n                    (<strong class=\"price\">284,40 Kč</strong> / kg)\n            </p>\n                        <div class=\"product-list-rating\">\n            </div>\n<div id=\"snippet-productWidget-widgetCarousel-1novinky-buy-26096-quantity\">        <div class=\"product-quantity-control\">\n            <form action=\"/\" method=\"post\" class=\"ajax\" id=\"frm-productWidget-widgetCarousel-1novinky-buy-26096-quantityForm\">\n                <input type=\"text\" name=\"quantity\" size=\"3\" id=\"frm-productWidget-widgetCarousel-1novinky-buy-26096-quantityForm-quantity\" data-nette-rules=\"[{&quot;op&quot;:&quot;:integer&quot;,&quot;msg&quot;:&quot;Množství musí být číslo.&quot;}]\" value=\"1\" tabindex=\"-1\">\n                <input type=\"submit\" name=\"_submit\" value=\"Přidat\" class=\"product-quantity-control-submit plus\" tabindex=\"-1\">\n            <input type=\"hidden\" name=\"do\" value=\"productWidget-widgetCarousel-1novinky-buy-26096-quantityForm-submit\" tabindex=\"-1\"><!--[if IE]><input type=IEbug disabled style=\"display:none\"><![endif]-->\n</form>\n\n        </div>\n</div>\n\n        </div>\n\n        \n    </div><div id=\"product-append-26773\" class=\"product-item slick-slide\" style=\"width: 253px;\" data-slick-index=\"63\" aria-hidden=\"true\" tabindex=\"-1\" role=\"option\" aria-describedby=\"slick-slide263\">\n        <div class=\"product-item-flags\">\n        </div>\n        <div class=\"product-item-image\">\n                <a data-href=\"/?productWidget-widgetCarousel-1novinky-id=26773&amp;do=productWidget-widgetCarousel-1novinky-modal\" data-target=\"productWidget-widgetCarousel-1novinky-productModal\" onclick=\"kosikAjax.click(this)\" tabindex=\"-1\">\n                    <img src=\"https://cdn.kosik.cz/content/product/jpg/list-retina/empty.jpg\" data-src=\"https://cdn.kosik.cz/content/product/jpg/list-retina/43999.jpg\" alt=\"Pribina Eidam předsmažený 200g\" class=\"loading-images loading-image\">\n                </a>\n\n\n\n\n        </div>\n                <div class=\"product-item-info\">\n                <a data-href=\"/?productWidget-widgetCarousel-1novinky-id=26773&amp;do=productWidget-widgetCarousel-1novinky-modal\" class=\"product-name modal-link\" data-target=\"productWidget-widgetCarousel-1novinky-productModal\" onclick=\"kosikAjax.click(this)\" tabindex=\"-1\">\n                    Pribina Eidam předsmažený 200g\n                </a>\n            <p class=\"product-item-price \">\n                <span class=\"price-before-discount\">\n\t\t\t\t</span>\n<strong class=\"price\">59,90 Kč</strong>\n\n            </p>\n            <p class=\"product-item-unit\">\n                    (<strong class=\"price\">299,50 Kč</strong> / kg)\n            </p>\n                        <div class=\"product-list-rating\">\n            </div>\n<div id=\"snippet-productWidget-widgetCarousel-1novinky-buy-26773-quantity\">        <div class=\"product-quantity-control\">\n            <form action=\"/\" method=\"post\" class=\"ajax\" id=\"frm-productWidget-widgetCarousel-1novinky-buy-26773-quantityForm\">\n                <input type=\"text\" name=\"quantity\" size=\"3\" id=\"frm-productWidget-widgetCarousel-1novinky-buy-26773-quantityForm-quantity\" data-nette-rules=\"[{&quot;op&quot;:&quot;:integer&quot;,&quot;msg&quot;:&quot;Množství musí být číslo.&quot;}]\" value=\"1\" tabindex=\"-1\">\n                <input type=\"submit\" name=\"_submit\" value=\"Přidat\" class=\"product-quantity-control-submit plus\" tabindex=\"-1\">\n            <input type=\"hidden\" name=\"do\" value=\"productWidget-widgetCarousel-1novinky-buy-26773-quantityForm-submit\" tabindex=\"-1\"><!--[if IE]><input type=IEbug disabled style=\"display:none\"><![endif]-->\n</form>\n\n        </div>\n</div>\n\n        </div>\n\n        \n    </div><div id=\"product-append-26041\" class=\"product-item slick-slide\" style=\"width: 253px;\" data-slick-index=\"64\" aria-hidden=\"true\" tabindex=\"-1\" role=\"option\" aria-describedby=\"slick-slide264\">\n        <div class=\"product-item-flags\">\n        </div>\n        <div class=\"product-item-image\">\n                <a data-href=\"/?productWidget-widgetCarousel-1novinky-id=26041&amp;do=productWidget-widgetCarousel-1novinky-modal\" data-target=\"productWidget-widgetCarousel-1novinky-productModal\" onclick=\"kosikAjax.click(this)\" tabindex=\"-1\">\n                    <img src=\"https://cdn.kosik.cz/content/product/jpg/list-retina/empty.jpg\" data-src=\"https://cdn.kosik.cz/content/product/jpg/list-retina/43313.jpg\" alt=\"Milko Gouda 48% plátky 100g\" class=\"loading-images loading-image\">\n                </a>\n\n\n\n\n        </div>\n                <div class=\"product-item-info\">\n                <a data-href=\"/?productWidget-widgetCarousel-1novinky-id=26041&amp;do=productWidget-widgetCarousel-1novinky-modal\" class=\"product-name modal-link\" data-target=\"productWidget-widgetCarousel-1novinky-productModal\" onclick=\"kosikAjax.click(this)\" tabindex=\"-1\">\n                    Milko Gouda 48% plátky 100g\n                </a>\n            <p class=\"product-item-price \">\n                <span class=\"price-before-discount\">\n\t\t\t\t</span>\n<strong class=\"price\">29,90 Kč</strong>\n\n            </p>\n            <p class=\"product-item-unit\">\n                    (<strong class=\"price\">299,00 Kč</strong> / kg)\n            </p>\n                        <div class=\"product-list-rating\">\n            </div>\n<div id=\"snippet-productWidget-widgetCarousel-1novinky-buy-26041-quantity\">        <div class=\"product-quantity-control\">\n            <form action=\"/\" method=\"post\" class=\"ajax\" id=\"frm-productWidget-widgetCarousel-1novinky-buy-26041-quantityForm\">\n                <input type=\"text\" name=\"quantity\" size=\"3\" id=\"frm-productWidget-widgetCarousel-1novinky-buy-26041-quantityForm-quantity\" data-nette-rules=\"[{&quot;op&quot;:&quot;:integer&quot;,&quot;msg&quot;:&quot;Množství musí být číslo.&quot;}]\" value=\"1\" tabindex=\"-1\">\n                <input type=\"submit\" name=\"_submit\" value=\"Přidat\" class=\"product-quantity-control-submit plus\" tabindex=\"-1\">\n            <input type=\"hidden\" name=\"do\" value=\"productWidget-widgetCarousel-1novinky-buy-26041-quantityForm-submit\" tabindex=\"-1\"><!--[if IE]><input type=IEbug disabled style=\"display:none\"><![endif]-->\n</form>\n\n        </div>\n</div>\n\n        </div>\n\n        \n    </div><div id=\"product-append-27306\" class=\"product-item slick-slide\" style=\"width: 253px;\" data-slick-index=\"65\" aria-hidden=\"true\" tabindex=\"-1\" role=\"option\" aria-describedby=\"slick-slide265\">\n        <div class=\"product-item-flags\">\n        </div>\n        <div class=\"product-item-image\">\n                <a data-href=\"/?productWidget-widgetCarousel-1novinky-id=27306&amp;do=productWidget-widgetCarousel-1novinky-modal\" data-target=\"productWidget-widgetCarousel-1novinky-productModal\" onclick=\"kosikAjax.click(this)\" tabindex=\"-1\">\n                    <img src=\"https://cdn.kosik.cz/content/product/jpg/list-retina/empty.jpg\" data-src=\"https://cdn.kosik.cz/content/product/jpg/list-retina/44563.jpg\" alt=\"Blaník toast - toustové plátky 35%  130g\" class=\"loading-images loading-image\">\n                </a>\n\n\n\n\n        </div>\n                <div class=\"product-item-info\">\n                <a data-href=\"/?productWidget-widgetCarousel-1novinky-id=27306&amp;do=productWidget-widgetCarousel-1novinky-modal\" class=\"product-name modal-link\" data-target=\"productWidget-widgetCarousel-1novinky-productModal\" onclick=\"kosikAjax.click(this)\" tabindex=\"-1\">\n                    Blaník toast - toustové plátky 35%  130g\n                </a>\n            <p class=\"product-item-price \">\n                <span class=\"price-before-discount\">\n\t\t\t\t</span>\n<strong class=\"price\">23,90 Kč</strong>\n\n            </p>\n            <p class=\"product-item-unit\">\n                    (<strong class=\"price\">183,80 Kč</strong> / kg)\n            </p>\n                        <div class=\"product-list-rating\">\n            </div>\n<div id=\"snippet-productWidget-widgetCarousel-1novinky-buy-27306-quantity\">        <div class=\"product-quantity-control\">\n            <form action=\"/\" method=\"post\" class=\"ajax\" id=\"frm-productWidget-widgetCarousel-1novinky-buy-27306-quantityForm\">\n                <input type=\"text\" name=\"quantity\" size=\"3\" id=\"frm-productWidget-widgetCarousel-1novinky-buy-27306-quantityForm-quantity\" data-nette-rules=\"[{&quot;op&quot;:&quot;:integer&quot;,&quot;msg&quot;:&quot;Množství musí být číslo.&quot;}]\" value=\"1\" tabindex=\"-1\">\n                <input type=\"submit\" name=\"_submit\" value=\"Přidat\" class=\"product-quantity-control-submit plus\" tabindex=\"-1\">\n            <input type=\"hidden\" name=\"do\" value=\"productWidget-widgetCarousel-1novinky-buy-27306-quantityForm-submit\" tabindex=\"-1\"><!--[if IE]><input type=IEbug disabled style=\"display:none\"><![endif]-->\n</form>\n\n        </div>\n</div>\n\n        </div>\n\n        \n    </div><div id=\"product-append-26103\" class=\"product-item slick-slide\" style=\"width: 253px;\" data-slick-index=\"66\" aria-hidden=\"true\" tabindex=\"-1\" role=\"option\" aria-describedby=\"slick-slide266\">\n        <div class=\"product-item-flags\">\n        </div>\n        <div class=\"product-item-image\">\n                <a data-href=\"/?productWidget-widgetCarousel-1novinky-id=26103&amp;do=productWidget-widgetCarousel-1novinky-modal\" data-target=\"productWidget-widgetCarousel-1novinky-productModal\" onclick=\"kosikAjax.click(this)\" tabindex=\"-1\">\n                    <img src=\"https://cdn.kosik.cz/content/product/jpg/list-retina/empty.jpg\" data-src=\"https://cdn.kosik.cz/content/product/jpg/list-retina/43377.jpg\" alt=\"Toma Slice Limonáda s příchutí citrónu 2l\" class=\"loading-images loading-image\">\n                </a>\n\n\n\n\n        </div>\n                <div class=\"product-item-info\">\n                <a data-href=\"/?productWidget-widgetCarousel-1novinky-id=26103&amp;do=productWidget-widgetCarousel-1novinky-modal\" class=\"product-name modal-link\" data-target=\"productWidget-widgetCarousel-1novinky-productModal\" onclick=\"kosikAjax.click(this)\" tabindex=\"-1\">\n                    Toma Slice Limonáda s příchutí citrónu 2l\n                </a>\n            <p class=\"product-item-price \">\n                <span class=\"price-before-discount\">\n\t\t\t\t</span>\n<strong class=\"price\">17,90 Kč</strong>\n\n            </p>\n            <p class=\"product-item-unit\">\n                    (<strong class=\"price\">9,00 Kč</strong> / l)\n            </p>\n                        <div class=\"product-list-rating\">\n            </div>\n<div id=\"snippet-productWidget-widgetCarousel-1novinky-buy-26103-quantity\">        <div class=\"product-quantity-control\">\n            <form action=\"/\" method=\"post\" class=\"ajax\" id=\"frm-productWidget-widgetCarousel-1novinky-buy-26103-quantityForm\">\n                <input type=\"text\" name=\"quantity\" size=\"3\" id=\"frm-productWidget-widgetCarousel-1novinky-buy-26103-quantityForm-quantity\" data-nette-rules=\"[{&quot;op&quot;:&quot;:integer&quot;,&quot;msg&quot;:&quot;Množství musí být číslo.&quot;}]\" value=\"1\" tabindex=\"-1\">\n                <input type=\"submit\" name=\"_submit\" value=\"Přidat\" class=\"product-quantity-control-submit plus\" tabindex=\"-1\">\n            <input type=\"hidden\" name=\"do\" value=\"productWidget-widgetCarousel-1novinky-buy-26103-quantityForm-submit\" tabindex=\"-1\"><!--[if IE]><input type=IEbug disabled style=\"display:none\"><![endif]-->\n</form>\n\n        </div>\n</div>\n\n        </div>\n\n        \n    </div><div id=\"product-append-7941\" class=\"product-item slick-slide\" style=\"width: 253px;\" data-slick-index=\"67\" aria-hidden=\"true\" tabindex=\"-1\" role=\"option\" aria-describedby=\"slick-slide267\">\n        <div class=\"product-item-flags\">\n        </div>\n        <div class=\"product-item-image\">\n                <a data-href=\"/?productWidget-widgetCarousel-1novinky-id=7941&amp;do=productWidget-widgetCarousel-1novinky-modal\" data-target=\"productWidget-widgetCarousel-1novinky-productModal\" onclick=\"kosikAjax.click(this)\" tabindex=\"-1\">\n                    <img src=\"https://cdn.kosik.cz/content/product/jpg/list-retina/empty.jpg\" data-src=\"https://cdn.kosik.cz/content/product/jpg/list-retina/13456.jpg\" alt=\"Hochland Almette Nadýchaný tvarohový sýr smetanový 150g\" class=\"loading-images loading-image\">\n                </a>\n\n\n\n\n        </div>\n                <div class=\"product-item-info\">\n                <a data-href=\"/?productWidget-widgetCarousel-1novinky-id=7941&amp;do=productWidget-widgetCarousel-1novinky-modal\" class=\"product-name modal-link\" data-target=\"productWidget-widgetCarousel-1novinky-productModal\" onclick=\"kosikAjax.click(this)\" tabindex=\"-1\">\n                    Hochland Almette Nadýchaný tvarohový sýr smetanový 150g\n                </a>\n            <p class=\"product-item-price \">\n                <span class=\"price-before-discount\">\n\t\t\t\t</span>\n<strong class=\"price\">31,90 Kč</strong>\n\n            </p>\n            <p class=\"product-item-unit\">\n                    (<strong class=\"price\">212,70 Kč</strong> / kg)\n            </p>\n                        <div class=\"product-list-rating\">\n            </div>\n<div id=\"snippet-productWidget-widgetCarousel-1novinky-buy-7941-quantity\">        <div class=\"product-quantity-control\">\n            <form action=\"/\" method=\"post\" class=\"ajax\" id=\"frm-productWidget-widgetCarousel-1novinky-buy-7941-quantityForm\">\n                <input type=\"text\" name=\"quantity\" size=\"3\" id=\"frm-productWidget-widgetCarousel-1novinky-buy-7941-quantityForm-quantity\" data-nette-rules=\"[{&quot;op&quot;:&quot;:integer&quot;,&quot;msg&quot;:&quot;Množství musí být číslo.&quot;}]\" value=\"1\" tabindex=\"-1\">\n                <input type=\"submit\" name=\"_submit\" value=\"Přidat\" class=\"product-quantity-control-submit plus\" tabindex=\"-1\">\n            <input type=\"hidden\" name=\"do\" value=\"productWidget-widgetCarousel-1novinky-buy-7941-quantityForm-submit\" tabindex=\"-1\"><!--[if IE]><input type=IEbug disabled style=\"display:none\"><![endif]-->\n</form>\n\n        </div>\n</div>\n\n        </div>\n\n        \n    </div><div id=\"product-append-26639\" class=\"product-item slick-slide\" style=\"width: 253px;\" data-slick-index=\"68\" aria-hidden=\"true\" tabindex=\"-1\" role=\"option\" aria-describedby=\"slick-slide268\">\n        <div class=\"product-item-flags\">\n        </div>\n        <div class=\"product-item-image\">\n                <a data-href=\"/?productWidget-widgetCarousel-1novinky-id=26639&amp;do=productWidget-widgetCarousel-1novinky-modal\" data-target=\"productWidget-widgetCarousel-1novinky-productModal\" onclick=\"kosikAjax.click(this)\" tabindex=\"-1\">\n                    <img src=\"https://cdn.kosik.cz/content/product/jpg/list-retina/empty.jpg\" data-src=\"https://cdn.kosik.cz/content/product/jpg/list-retina/43861.jpg\" alt=\"Kellogg's Star Wars křupavé cereálie s příchutí čokolády 350g\" class=\"loading-images loading-image\">\n                </a>\n\n\n\n\n        </div>\n                <div class=\"product-item-info\">\n                <a data-href=\"/?productWidget-widgetCarousel-1novinky-id=26639&amp;do=productWidget-widgetCarousel-1novinky-modal\" class=\"product-name modal-link\" data-target=\"productWidget-widgetCarousel-1novinky-productModal\" onclick=\"kosikAjax.click(this)\" tabindex=\"-1\">\n                    Kellogg's Star Wars křupavé cereálie s příchutí čokolády 350g\n                </a>\n            <p class=\"product-item-price \">\n                <span class=\"price-before-discount\">\n\t\t\t\t</span>\n<strong class=\"price\">99,90 Kč</strong>\n\n            </p>\n            <p class=\"product-item-unit\">\n                    (<strong class=\"price\">285,40 Kč</strong> / kg)\n            </p>\n                        <div class=\"product-list-rating\">\n            </div>\n<div id=\"snippet-productWidget-widgetCarousel-1novinky-buy-26639-quantity\">        <div class=\"product-quantity-control\">\n            <form action=\"/\" method=\"post\" class=\"ajax\" id=\"frm-productWidget-widgetCarousel-1novinky-buy-26639-quantityForm\">\n                <input type=\"text\" name=\"quantity\" size=\"3\" id=\"frm-productWidget-widgetCarousel-1novinky-buy-26639-quantityForm-quantity\" data-nette-rules=\"[{&quot;op&quot;:&quot;:integer&quot;,&quot;msg&quot;:&quot;Množství musí být číslo.&quot;}]\" value=\"1\" tabindex=\"-1\">\n                <input type=\"submit\" name=\"_submit\" value=\"Přidat\" class=\"product-quantity-control-submit plus\" tabindex=\"-1\">\n            <input type=\"hidden\" name=\"do\" value=\"productWidget-widgetCarousel-1novinky-buy-26639-quantityForm-submit\" tabindex=\"-1\"><!--[if IE]><input type=IEbug disabled style=\"display:none\"><![endif]-->\n</form>\n\n        </div>\n</div>\n\n        </div>\n\n        \n    </div><div id=\"product-append-26049\" class=\"product-item slick-slide\" style=\"width: 253px;\" data-slick-index=\"69\" aria-hidden=\"true\" tabindex=\"-1\" role=\"option\" aria-describedby=\"slick-slide269\">\n        <div class=\"product-item-flags\">\n        </div>\n        <div class=\"product-item-image\">\n                <a data-href=\"/?productWidget-widgetCarousel-1novinky-id=26049&amp;do=productWidget-widgetCarousel-1novinky-modal\" data-target=\"productWidget-widgetCarousel-1novinky-productModal\" onclick=\"kosikAjax.click(this)\" tabindex=\"-1\">\n                    <img src=\"https://cdn.kosik.cz/content/product/jpg/list-retina/empty.jpg\" data-src=\"https://cdn.kosik.cz/content/product/jpg/list-retina/43321.jpg\" alt=\"Milko Bio Eidam Mandava 45% bloček 200g\" class=\"loading-images loading-image\">\n                </a>\n\n\n\n\n        </div>\n                <div class=\"product-item-info\">\n                <a data-href=\"/?productWidget-widgetCarousel-1novinky-id=26049&amp;do=productWidget-widgetCarousel-1novinky-modal\" class=\"product-name modal-link\" data-target=\"productWidget-widgetCarousel-1novinky-productModal\" onclick=\"kosikAjax.click(this)\" tabindex=\"-1\">\n                    Milko Bio Eidam Mandava 45% bloček 200g\n                </a>\n            <p class=\"product-item-price \">\n                <span class=\"price-before-discount\">\n\t\t\t\t</span>\n<strong class=\"price\">51,90 Kč</strong>\n\n            </p>\n            <p class=\"product-item-unit\">\n                    (<strong class=\"price\">259,50 Kč</strong> / kg)\n            </p>\n                        <div class=\"product-list-rating\">\n            </div>\n<div id=\"snippet-productWidget-widgetCarousel-1novinky-buy-26049-quantity\">        <div class=\"product-quantity-control\">\n            <form action=\"/\" method=\"post\" class=\"ajax\" id=\"frm-productWidget-widgetCarousel-1novinky-buy-26049-quantityForm\">\n                <input type=\"text\" name=\"quantity\" size=\"3\" id=\"frm-productWidget-widgetCarousel-1novinky-buy-26049-quantityForm-quantity\" data-nette-rules=\"[{&quot;op&quot;:&quot;:integer&quot;,&quot;msg&quot;:&quot;Množství musí být číslo.&quot;}]\" value=\"1\" tabindex=\"-1\">\n                <input type=\"submit\" name=\"_submit\" value=\"Přidat\" class=\"product-quantity-control-submit plus\" tabindex=\"-1\">\n            <input type=\"hidden\" name=\"do\" value=\"productWidget-widgetCarousel-1novinky-buy-26049-quantityForm-submit\" tabindex=\"-1\"><!--[if IE]><input type=IEbug disabled style=\"display:none\"><![endif]-->\n</form>\n\n        </div>\n</div>\n\n        </div>\n\n        \n    </div><div id=\"product-append-26501\" class=\"product-item slick-slide\" style=\"width: 253px;\" data-slick-index=\"70\" aria-hidden=\"true\" tabindex=\"-1\" role=\"option\" aria-describedby=\"slick-slide270\">\n        <div class=\"product-item-flags\">\n        </div>\n        <div class=\"product-item-image\">\n                <a data-href=\"/?productWidget-widgetCarousel-1novinky-id=26501&amp;do=productWidget-widgetCarousel-1novinky-modal\" data-target=\"productWidget-widgetCarousel-1novinky-productModal\" onclick=\"kosikAjax.click(this)\" tabindex=\"-1\">\n                    <img src=\"https://cdn.kosik.cz/content/product/jpg/list-retina/empty.jpg\" data-src=\"https://cdn.kosik.cz/content/product/jpg/list-retina/43721.jpg\" alt=\"Olma Selský jogurt malina 3,3 %  200g\" class=\"loading-images loading-image\">\n                </a>\n\n\n\n\n        </div>\n                <div class=\"product-item-info\">\n                <a data-href=\"/?productWidget-widgetCarousel-1novinky-id=26501&amp;do=productWidget-widgetCarousel-1novinky-modal\" class=\"product-name modal-link\" data-target=\"productWidget-widgetCarousel-1novinky-productModal\" onclick=\"kosikAjax.click(this)\" tabindex=\"-1\">\n                    Olma Selský jogurt malina 3,3 %  200g\n                </a>\n            <p class=\"product-item-price \">\n                <span class=\"price-before-discount\">\n\t\t\t\t</span>\n<strong class=\"price\">15,90 Kč</strong>\n\n            </p>\n            <p class=\"product-item-unit\">\n                    (<strong class=\"price\">79,50 Kč</strong> / kg)\n            </p>\n                        <div class=\"product-list-rating\">\n            </div>\n<div id=\"snippet-productWidget-widgetCarousel-1novinky-buy-26501-quantity\">        <div class=\"product-quantity-control\">\n            <form action=\"/\" method=\"post\" class=\"ajax\" id=\"frm-productWidget-widgetCarousel-1novinky-buy-26501-quantityForm\">\n                <input type=\"text\" name=\"quantity\" size=\"3\" id=\"frm-productWidget-widgetCarousel-1novinky-buy-26501-quantityForm-quantity\" data-nette-rules=\"[{&quot;op&quot;:&quot;:integer&quot;,&quot;msg&quot;:&quot;Množství musí být číslo.&quot;}]\" value=\"1\" tabindex=\"-1\">\n                <input type=\"submit\" name=\"_submit\" value=\"Přidat\" class=\"product-quantity-control-submit plus\" tabindex=\"-1\">\n            <input type=\"hidden\" name=\"do\" value=\"productWidget-widgetCarousel-1novinky-buy-26501-quantityForm-submit\" tabindex=\"-1\"><!--[if IE]><input type=IEbug disabled style=\"display:none\"><![endif]-->\n</form>\n\n        </div>\n</div>\n\n        </div>\n\n        \n    </div><div id=\"product-append-15761\" class=\"product-item slick-slide\" style=\"width: 253px;\" data-slick-index=\"71\" aria-hidden=\"true\" tabindex=\"-1\" role=\"option\" aria-describedby=\"slick-slide271\">\n        <div class=\"product-item-flags\">\n        </div>\n        <div class=\"product-item-image\">\n                <a data-href=\"/?productWidget-widgetCarousel-1novinky-id=15761&amp;do=productWidget-widgetCarousel-1novinky-modal\" data-target=\"productWidget-widgetCarousel-1novinky-productModal\" onclick=\"kosikAjax.click(this)\" tabindex=\"-1\">\n                    <img src=\"https://cdn.kosik.cz/content/product/jpg/list-retina/empty.jpg\" data-src=\"https://cdn.kosik.cz/content/product/jpg/list-retina/33029.jpg\" alt=\"Kitl Syrob Zázvorový 500ml\" class=\"loading-images loading-image\">\n                </a>\n\n\n\n\n        </div>\n                <div class=\"product-item-info\">\n                <a data-href=\"/?productWidget-widgetCarousel-1novinky-id=15761&amp;do=productWidget-widgetCarousel-1novinky-modal\" class=\"product-name modal-link\" data-target=\"productWidget-widgetCarousel-1novinky-productModal\" onclick=\"kosikAjax.click(this)\" tabindex=\"-1\">\n                    Kitl Syrob Zázvorový 500ml\n                </a>\n            <p class=\"product-item-price \">\n                <span class=\"price-before-discount\">\n\t\t\t\t</span>\n<strong class=\"price\">119,00 Kč</strong>\n\n            </p>\n            <p class=\"product-item-unit\">\n                    (<strong class=\"price\">238,00 Kč</strong> / l)\n            </p>\n                        <div class=\"product-list-rating\">\n            </div>\n<div id=\"snippet-productWidget-widgetCarousel-1novinky-buy-15761-quantity\">        <div class=\"product-quantity-control\">\n            <form action=\"/\" method=\"post\" class=\"ajax\" id=\"frm-productWidget-widgetCarousel-1novinky-buy-15761-quantityForm\">\n                <input type=\"text\" name=\"quantity\" size=\"3\" id=\"frm-productWidget-widgetCarousel-1novinky-buy-15761-quantityForm-quantity\" data-nette-rules=\"[{&quot;op&quot;:&quot;:integer&quot;,&quot;msg&quot;:&quot;Množství musí být číslo.&quot;}]\" value=\"1\" tabindex=\"-1\">\n                <input type=\"submit\" name=\"_submit\" value=\"Přidat\" class=\"product-quantity-control-submit plus\" tabindex=\"-1\">\n            <input type=\"hidden\" name=\"do\" value=\"productWidget-widgetCarousel-1novinky-buy-15761-quantityForm-submit\" tabindex=\"-1\"><!--[if IE]><input type=IEbug disabled style=\"display:none\"><![endif]-->\n</form>\n\n        </div>\n</div>\n\n        </div>\n\n        \n    </div><div id=\"product-append-7785\" class=\"product-item slick-slide\" style=\"width: 253px;\" data-slick-index=\"72\" aria-hidden=\"true\" tabindex=\"-1\" role=\"option\" aria-describedby=\"slick-slide272\">\n        <div class=\"product-item-flags\">\n        </div>\n        <div class=\"product-item-image\">\n                <a data-href=\"/?productWidget-widgetCarousel-1novinky-id=7785&amp;do=productWidget-widgetCarousel-1novinky-modal\" data-target=\"productWidget-widgetCarousel-1novinky-productModal\" onclick=\"kosikAjax.click(this)\" tabindex=\"-1\">\n                    <img src=\"https://cdn.kosik.cz/content/product/jpg/list-retina/empty.jpg\" data-src=\"https://cdn.kosik.cz/content/product/jpg/list-retina/13134.jpg\" alt=\"Bonté Lahodná Termizovaná pomazánka natur 120g\" class=\"loading-images loading-image\">\n                </a>\n\n\n\n\n        </div>\n                <div class=\"product-item-info\">\n                <a data-href=\"/?productWidget-widgetCarousel-1novinky-id=7785&amp;do=productWidget-widgetCarousel-1novinky-modal\" class=\"product-name modal-link\" data-target=\"productWidget-widgetCarousel-1novinky-productModal\" onclick=\"kosikAjax.click(this)\" tabindex=\"-1\">\n                    Bonté Lahodná Termizovaná pomazánka natur 120g\n                </a>\n            <p class=\"product-item-price \">\n                <span class=\"price-before-discount\">\n\t\t\t\t</span>\n<strong class=\"price\">17,90 Kč</strong>\n\n            </p>\n            <p class=\"product-item-unit\">\n                    (<strong class=\"price\">149,20 Kč</strong> / kg)\n            </p>\n                        <div class=\"product-list-rating\">\n            </div>\n<div id=\"snippet-productWidget-widgetCarousel-1novinky-buy-7785-quantity\">        <div class=\"product-quantity-control\">\n            <form action=\"/\" method=\"post\" class=\"ajax\" id=\"frm-productWidget-widgetCarousel-1novinky-buy-7785-quantityForm\">\n                <input type=\"text\" name=\"quantity\" size=\"3\" id=\"frm-productWidget-widgetCarousel-1novinky-buy-7785-quantityForm-quantity\" data-nette-rules=\"[{&quot;op&quot;:&quot;:integer&quot;,&quot;msg&quot;:&quot;Množství musí být číslo.&quot;}]\" value=\"1\" tabindex=\"-1\">\n                <input type=\"submit\" name=\"_submit\" value=\"Přidat\" class=\"product-quantity-control-submit plus\" tabindex=\"-1\">\n            <input type=\"hidden\" name=\"do\" value=\"productWidget-widgetCarousel-1novinky-buy-7785-quantityForm-submit\" tabindex=\"-1\"><!--[if IE]><input type=IEbug disabled style=\"display:none\"><![endif]-->\n</form>\n\n        </div>\n</div>\n\n        </div>\n\n        \n    </div><div id=\"product-append-26035\" class=\"product-item slick-slide\" style=\"width: 253px;\" data-slick-index=\"73\" aria-hidden=\"true\" tabindex=\"-1\" role=\"option\" aria-describedby=\"slick-slide273\">\n        <div class=\"product-item-flags\">\n        </div>\n        <div class=\"product-item-image\">\n                <a data-href=\"/?productWidget-widgetCarousel-1novinky-id=26035&amp;do=productWidget-widgetCarousel-1novinky-modal\" data-target=\"productWidget-widgetCarousel-1novinky-productModal\" onclick=\"kosikAjax.click(this)\" tabindex=\"-1\">\n                    <img src=\"https://cdn.kosik.cz/content/product/jpg/list-retina/empty.jpg\" data-src=\"https://cdn.kosik.cz/content/product/jpg/list-retina/43307.jpg\" alt=\"Paté Du Chef Hrubá ardénská paštika s ořechy 125g\" class=\"loading-images loading-image\">\n                </a>\n\n\n\n\n        </div>\n                <div class=\"product-item-info\">\n                <a data-href=\"/?productWidget-widgetCarousel-1novinky-id=26035&amp;do=productWidget-widgetCarousel-1novinky-modal\" class=\"product-name modal-link\" data-target=\"productWidget-widgetCarousel-1novinky-productModal\" onclick=\"kosikAjax.click(this)\" tabindex=\"-1\">\n                    Paté Du Chef Hrubá ardénská paštika s ořechy 125g\n                </a>\n            <p class=\"product-item-price \">\n                <span class=\"price-before-discount\">\n\t\t\t\t</span>\n<strong class=\"price\">27,90 Kč</strong>\n\n            </p>\n            <p class=\"product-item-unit\">\n                    (<strong class=\"price\">223,20 Kč</strong> / kg)\n            </p>\n                        <div class=\"product-list-rating\">\n            </div>\n<div id=\"snippet-productWidget-widgetCarousel-1novinky-buy-26035-quantity\">        <div class=\"product-quantity-control\">\n            <form action=\"/\" method=\"post\" class=\"ajax\" id=\"frm-productWidget-widgetCarousel-1novinky-buy-26035-quantityForm\">\n                <input type=\"text\" name=\"quantity\" size=\"3\" id=\"frm-productWidget-widgetCarousel-1novinky-buy-26035-quantityForm-quantity\" data-nette-rules=\"[{&quot;op&quot;:&quot;:integer&quot;,&quot;msg&quot;:&quot;Množství musí být číslo.&quot;}]\" value=\"1\" tabindex=\"-1\">\n                <input type=\"submit\" name=\"_submit\" value=\"Přidat\" class=\"product-quantity-control-submit plus\" tabindex=\"-1\">\n            <input type=\"hidden\" name=\"do\" value=\"productWidget-widgetCarousel-1novinky-buy-26035-quantityForm-submit\" tabindex=\"-1\"><!--[if IE]><input type=IEbug disabled style=\"display:none\"><![endif]-->\n</form>\n\n        </div>\n</div>\n\n        </div>\n\n        \n    </div><div id=\"product-append-25906\" class=\"product-item slick-slide\" style=\"width: 253px;\" data-slick-index=\"74\" aria-hidden=\"true\" tabindex=\"-1\" role=\"option\" aria-describedby=\"slick-slide274\">\n        <div class=\"product-item-flags\">\n        </div>\n        <div class=\"product-item-image\">\n                <a data-href=\"/?productWidget-widgetCarousel-1novinky-id=25906&amp;do=productWidget-widgetCarousel-1novinky-modal\" data-target=\"productWidget-widgetCarousel-1novinky-productModal\" onclick=\"kosikAjax.click(this)\" tabindex=\"-1\">\n                    <img src=\"https://cdn.kosik.cz/content/product/jpg/list-retina/empty.jpg\" data-src=\"https://cdn.kosik.cz/content/product/jpg/list-retina/43186.jpg\" alt=\"Titbit Salát Losos, kapary, krutony s koprovým dresinkem, ledový + římský  230g\" class=\"loading-images loading-image\">\n                </a>\n\n\n\n\n        </div>\n                <div class=\"product-item-info\">\n                <a data-href=\"/?productWidget-widgetCarousel-1novinky-id=25906&amp;do=productWidget-widgetCarousel-1novinky-modal\" class=\"product-name modal-link\" data-target=\"productWidget-widgetCarousel-1novinky-productModal\" onclick=\"kosikAjax.click(this)\" tabindex=\"-1\">\n                    Titbit Salát Losos, kapary, krutony s koprovým dresinkem, ledový + římský  230g\n                </a>\n            <p class=\"product-item-price \">\n                <span class=\"price-before-discount\">\n\t\t\t\t</span>\n<strong class=\"price\">74,90 Kč</strong>\n\n            </p>\n            <p class=\"product-item-unit\">\n                    (<strong class=\"price\">325,70 Kč</strong> / kg)\n            </p>\n                        <div class=\"product-list-rating\">\n            </div>\n<div id=\"snippet-productWidget-widgetCarousel-1novinky-buy-25906-quantity\">        <div class=\"product-quantity-control\">\n            <form action=\"/\" method=\"post\" class=\"ajax\" id=\"frm-productWidget-widgetCarousel-1novinky-buy-25906-quantityForm\">\n                <input type=\"text\" name=\"quantity\" size=\"3\" id=\"frm-productWidget-widgetCarousel-1novinky-buy-25906-quantityForm-quantity\" data-nette-rules=\"[{&quot;op&quot;:&quot;:integer&quot;,&quot;msg&quot;:&quot;Množství musí být číslo.&quot;}]\" value=\"1\" tabindex=\"-1\">\n                <input type=\"submit\" name=\"_submit\" value=\"Přidat\" class=\"product-quantity-control-submit plus\" tabindex=\"-1\">\n            <input type=\"hidden\" name=\"do\" value=\"productWidget-widgetCarousel-1novinky-buy-25906-quantityForm-submit\" tabindex=\"-1\"><!--[if IE]><input type=IEbug disabled style=\"display:none\"><![endif]-->\n</form>\n\n        </div>\n</div>\n\n        </div>\n\n        \n    </div><div id=\"product-append-26772\" class=\"product-item slick-slide\" style=\"width: 253px;\" data-slick-index=\"75\" aria-hidden=\"true\" tabindex=\"-1\" role=\"option\" aria-describedby=\"slick-slide275\">\n        <div class=\"product-item-flags\">\n        </div>\n        <div class=\"product-item-image\">\n                <a data-href=\"/?productWidget-widgetCarousel-1novinky-id=26772&amp;do=productWidget-widgetCarousel-1novinky-modal\" data-target=\"productWidget-widgetCarousel-1novinky-productModal\" onclick=\"kosikAjax.click(this)\" tabindex=\"-1\">\n                    <img src=\"https://cdn.kosik.cz/content/product/jpg/list-retina/empty.jpg\" data-src=\"https://cdn.kosik.cz/content/product/jpg/list-retina/43998.jpg\" alt=\"Sedlčanský Hermelín nugetky chlazené 8ks 170g\" class=\"loading-images loading-image\">\n                </a>\n\n\n\n\n        </div>\n                <div class=\"product-item-info\">\n                <a data-href=\"/?productWidget-widgetCarousel-1novinky-id=26772&amp;do=productWidget-widgetCarousel-1novinky-modal\" class=\"product-name modal-link\" data-target=\"productWidget-widgetCarousel-1novinky-productModal\" onclick=\"kosikAjax.click(this)\" tabindex=\"-1\">\n                    Sedlčanský Hermelín nugetky chlazené 8ks 170g\n                </a>\n            <p class=\"product-item-price \">\n                <span class=\"price-before-discount\">\n\t\t\t\t</span>\n<strong class=\"price\">59,90 Kč</strong>\n\n            </p>\n            <p class=\"product-item-unit\">\n                    (<strong class=\"price\">352,40 Kč</strong> / kg)\n            </p>\n                        <div class=\"product-list-rating\">\n            </div>\n<div id=\"snippet-productWidget-widgetCarousel-1novinky-buy-26772-quantity\">        <div class=\"product-quantity-control\">\n            <form action=\"/\" method=\"post\" class=\"ajax\" id=\"frm-productWidget-widgetCarousel-1novinky-buy-26772-quantityForm\">\n                <input type=\"text\" name=\"quantity\" size=\"3\" id=\"frm-productWidget-widgetCarousel-1novinky-buy-26772-quantityForm-quantity\" data-nette-rules=\"[{&quot;op&quot;:&quot;:integer&quot;,&quot;msg&quot;:&quot;Množství musí být číslo.&quot;}]\" value=\"1\" tabindex=\"-1\">\n                <input type=\"submit\" name=\"_submit\" value=\"Přidat\" class=\"product-quantity-control-submit plus\" tabindex=\"-1\">\n            <input type=\"hidden\" name=\"do\" value=\"productWidget-widgetCarousel-1novinky-buy-26772-quantityForm-submit\" tabindex=\"-1\"><!--[if IE]><input type=IEbug disabled style=\"display:none\"><![endif]-->\n</form>\n\n        </div>\n</div>\n\n        </div>\n\n        \n    </div><div id=\"product-append-26612\" class=\"product-item slick-slide\" style=\"width: 253px;\" data-slick-index=\"76\" aria-hidden=\"true\" tabindex=\"-1\" role=\"option\" aria-describedby=\"slick-slide276\">\n        <div class=\"product-item-flags\">\n        </div>\n        <div class=\"product-item-image\">\n                <a data-href=\"/?productWidget-widgetCarousel-1novinky-id=26612&amp;do=productWidget-widgetCarousel-1novinky-modal\" data-target=\"productWidget-widgetCarousel-1novinky-productModal\" onclick=\"kosikAjax.click(this)\" tabindex=\"-1\">\n                    <img src=\"https://cdn.kosik.cz/content/product/jpg/list-retina/empty.jpg\" data-src=\"https://cdn.kosik.cz/content/product/jpg/list-retina/43834.jpg\" alt=\"Orion Extra Hořká čokoláda 100g\" class=\"loading-images loading-image\">\n                </a>\n\n\n\n\n        </div>\n                <div class=\"product-item-info\">\n                <a data-href=\"/?productWidget-widgetCarousel-1novinky-id=26612&amp;do=productWidget-widgetCarousel-1novinky-modal\" class=\"product-name modal-link\" data-target=\"productWidget-widgetCarousel-1novinky-productModal\" onclick=\"kosikAjax.click(this)\" tabindex=\"-1\">\n                    Orion Extra Hořká čokoláda 100g\n                </a>\n            <p class=\"product-item-price \">\n                <span class=\"price-before-discount\">\n\t\t\t\t</span>\n<strong class=\"price\">44,90 Kč</strong>\n\n            </p>\n            <p class=\"product-item-unit\">\n                    (<strong class=\"price\">449,00 Kč</strong> / kg)\n            </p>\n                        <div class=\"product-list-rating\">\n            </div>\n<div id=\"snippet-productWidget-widgetCarousel-1novinky-buy-26612-quantity\">        <div class=\"product-quantity-control\">\n            <form action=\"/\" method=\"post\" class=\"ajax\" id=\"frm-productWidget-widgetCarousel-1novinky-buy-26612-quantityForm\">\n                <input type=\"text\" name=\"quantity\" size=\"3\" id=\"frm-productWidget-widgetCarousel-1novinky-buy-26612-quantityForm-quantity\" data-nette-rules=\"[{&quot;op&quot;:&quot;:integer&quot;,&quot;msg&quot;:&quot;Množství musí být číslo.&quot;}]\" value=\"1\" tabindex=\"-1\">\n                <input type=\"submit\" name=\"_submit\" value=\"Přidat\" class=\"product-quantity-control-submit plus\" tabindex=\"-1\">\n            <input type=\"hidden\" name=\"do\" value=\"productWidget-widgetCarousel-1novinky-buy-26612-quantityForm-submit\" tabindex=\"-1\"><!--[if IE]><input type=IEbug disabled style=\"display:none\"><![endif]-->\n</form>\n\n        </div>\n</div>\n\n        </div>\n\n        \n    </div><div id=\"product-append-25863\" class=\"product-item slick-slide\" style=\"width: 253px;\" data-slick-index=\"77\" aria-hidden=\"true\" tabindex=\"-1\" role=\"option\" aria-describedby=\"slick-slide277\">\n        <div class=\"product-item-flags\">\n        </div>\n        <div class=\"product-item-image\">\n                <a data-href=\"/?productWidget-widgetCarousel-1novinky-id=25863&amp;do=productWidget-widgetCarousel-1novinky-modal\" data-target=\"productWidget-widgetCarousel-1novinky-productModal\" onclick=\"kosikAjax.click(this)\" tabindex=\"-1\">\n                    <img src=\"https://cdn.kosik.cz/content/product/jpg/list-retina/empty.jpg\" data-src=\"https://cdn.kosik.cz/content/product/jpg/list-retina/43143.jpg\" alt=\"Titbit Couscous s batáty a cizrnou salát vegetariánský 200g\" class=\"loading-images loading-image\">\n                </a>\n\n\n\n\n        </div>\n                <div class=\"product-item-info\">\n                <a data-href=\"/?productWidget-widgetCarousel-1novinky-id=25863&amp;do=productWidget-widgetCarousel-1novinky-modal\" class=\"product-name modal-link\" data-target=\"productWidget-widgetCarousel-1novinky-productModal\" onclick=\"kosikAjax.click(this)\" tabindex=\"-1\">\n                    Titbit Couscous s batáty a cizrnou salát vegetariánský 200g\n                </a>\n            <p class=\"product-item-price \">\n                <span class=\"price-before-discount\">\n\t\t\t\t</span>\n<strong class=\"price\">51,90 Kč</strong>\n\n            </p>\n            <p class=\"product-item-unit\">\n                    (<strong class=\"price\">259,50 Kč</strong> / kg)\n            </p>\n                        <div class=\"product-list-rating\">\n            </div>\n<div id=\"snippet-productWidget-widgetCarousel-1novinky-buy-25863-quantity\">        <div class=\"product-quantity-control\">\n            <form action=\"/\" method=\"post\" class=\"ajax\" id=\"frm-productWidget-widgetCarousel-1novinky-buy-25863-quantityForm\">\n                <input type=\"text\" name=\"quantity\" size=\"3\" id=\"frm-productWidget-widgetCarousel-1novinky-buy-25863-quantityForm-quantity\" data-nette-rules=\"[{&quot;op&quot;:&quot;:integer&quot;,&quot;msg&quot;:&quot;Množství musí být číslo.&quot;}]\" value=\"1\" tabindex=\"-1\">\n                <input type=\"submit\" name=\"_submit\" value=\"Přidat\" class=\"product-quantity-control-submit plus\" tabindex=\"-1\">\n            <input type=\"hidden\" name=\"do\" value=\"productWidget-widgetCarousel-1novinky-buy-25863-quantityForm-submit\" tabindex=\"-1\"><!--[if IE]><input type=IEbug disabled style=\"display:none\"><![endif]-->\n</form>\n\n        </div>\n</div>\n\n        </div>\n\n        \n    </div><div id=\"product-append-7919\" class=\"product-item slick-slide\" style=\"width: 253px;\" data-slick-index=\"78\" aria-hidden=\"true\" tabindex=\"-1\" role=\"option\" aria-describedby=\"slick-slide278\">\n        <div class=\"product-item-flags\">\n        </div>\n        <div class=\"product-item-image\">\n                <a data-href=\"/?productWidget-widgetCarousel-1novinky-id=7919&amp;do=productWidget-widgetCarousel-1novinky-modal\" data-target=\"productWidget-widgetCarousel-1novinky-productModal\" onclick=\"kosikAjax.click(this)\" tabindex=\"-1\">\n                    <img src=\"https://cdn.kosik.cz/content/product/jpg/list-retina/empty.jpg\" data-src=\"https://cdn.kosik.cz/content/product/jpg/list-retina/13427.jpg\" alt=\"Kromilk Čerstvý sýr pažitka - česnek 100g\" class=\"loading-images loading-image\">\n                </a>\n\n\n\n\n        </div>\n                <div class=\"product-item-info\">\n                <a data-href=\"/?productWidget-widgetCarousel-1novinky-id=7919&amp;do=productWidget-widgetCarousel-1novinky-modal\" class=\"product-name modal-link\" data-target=\"productWidget-widgetCarousel-1novinky-productModal\" onclick=\"kosikAjax.click(this)\" tabindex=\"-1\">\n                    Kromilk Čerstvý sýr pažitka - česnek 100g\n                </a>\n            <p class=\"product-item-price \">\n                <span class=\"price-before-discount\">\n\t\t\t\t</span>\n<strong class=\"price\">25,90 Kč</strong>\n\n            </p>\n            <p class=\"product-item-unit\">\n                    (<strong class=\"price\">259,00 Kč</strong> / kg)\n            </p>\n                        <div class=\"product-list-rating\">\n            </div>\n<div id=\"snippet-productWidget-widgetCarousel-1novinky-buy-7919-quantity\">        <div class=\"product-quantity-control\">\n            <form action=\"/\" method=\"post\" class=\"ajax\" id=\"frm-productWidget-widgetCarousel-1novinky-buy-7919-quantityForm\">\n                <input type=\"text\" name=\"quantity\" size=\"3\" id=\"frm-productWidget-widgetCarousel-1novinky-buy-7919-quantityForm-quantity\" data-nette-rules=\"[{&quot;op&quot;:&quot;:integer&quot;,&quot;msg&quot;:&quot;Množství musí být číslo.&quot;}]\" value=\"1\" tabindex=\"-1\">\n                <input type=\"submit\" name=\"_submit\" value=\"Přidat\" class=\"product-quantity-control-submit plus\" tabindex=\"-1\">\n            <input type=\"hidden\" name=\"do\" value=\"productWidget-widgetCarousel-1novinky-buy-7919-quantityForm-submit\" tabindex=\"-1\"><!--[if IE]><input type=IEbug disabled style=\"display:none\"><![endif]-->\n</form>\n\n        </div>\n</div>\n\n        </div>\n\n        \n    </div><div id=\"product-append-26039\" class=\"product-item slick-slide\" style=\"width: 253px;\" data-slick-index=\"79\" aria-hidden=\"true\" tabindex=\"-1\" role=\"option\" aria-describedby=\"slick-slide279\">\n        <div class=\"product-item-flags\">\n        </div>\n        <div class=\"product-item-image\">\n                <a data-href=\"/?productWidget-widgetCarousel-1novinky-id=26039&amp;do=productWidget-widgetCarousel-1novinky-modal\" data-target=\"productWidget-widgetCarousel-1novinky-productModal\" onclick=\"kosikAjax.click(this)\" tabindex=\"-1\">\n                    <img src=\"https://cdn.kosik.cz/content/product/jpg/list-retina/empty.jpg\" data-src=\"https://cdn.kosik.cz/content/product/jpg/list-retina/43311.jpg\" alt=\"Milko žervé s kozím tvarohem 80g\" class=\"loading-images loading-image\">\n                </a>\n\n\n\n\n        </div>\n                <div class=\"product-item-info\">\n                <a data-href=\"/?productWidget-widgetCarousel-1novinky-id=26039&amp;do=productWidget-widgetCarousel-1novinky-modal\" class=\"product-name modal-link\" data-target=\"productWidget-widgetCarousel-1novinky-productModal\" onclick=\"kosikAjax.click(this)\" tabindex=\"-1\">\n                    Milko žervé s kozím tvarohem 80g\n                </a>\n            <p class=\"product-item-price \">\n                <span class=\"price-before-discount\">\n\t\t\t\t</span>\n<strong class=\"price\">19,90 Kč</strong>\n\n            </p>\n            <p class=\"product-item-unit\">\n                    (<strong class=\"price\">248,80 Kč</strong> / kg)\n            </p>\n                        <div class=\"product-list-rating\">\n            </div>\n<div id=\"snippet-productWidget-widgetCarousel-1novinky-buy-26039-quantity\">        <div class=\"product-quantity-control\">\n            <form action=\"/\" method=\"post\" class=\"ajax\" id=\"frm-productWidget-widgetCarousel-1novinky-buy-26039-quantityForm\">\n                <input type=\"text\" name=\"quantity\" size=\"3\" id=\"frm-productWidget-widgetCarousel-1novinky-buy-26039-quantityForm-quantity\" data-nette-rules=\"[{&quot;op&quot;:&quot;:integer&quot;,&quot;msg&quot;:&quot;Množství musí být číslo.&quot;}]\" value=\"1\" tabindex=\"-1\">\n                <input type=\"submit\" name=\"_submit\" value=\"Přidat\" class=\"product-quantity-control-submit plus\" tabindex=\"-1\">\n            <input type=\"hidden\" name=\"do\" value=\"productWidget-widgetCarousel-1novinky-buy-26039-quantityForm-submit\" tabindex=\"-1\"><!--[if IE]><input type=IEbug disabled style=\"display:none\"><![endif]-->\n</form>\n\n        </div>\n</div>\n\n        </div>\n\n        \n    </div><div id=\"product-append-26638\" class=\"product-item slick-slide\" style=\"width: 253px;\" data-slick-index=\"80\" aria-hidden=\"true\" tabindex=\"-1\" role=\"option\" aria-describedby=\"slick-slide280\">\n        <div class=\"product-item-flags\">\n        </div>\n        <div class=\"product-item-image\">\n                <a data-href=\"/?productWidget-widgetCarousel-1novinky-id=26638&amp;do=productWidget-widgetCarousel-1novinky-modal\" data-target=\"productWidget-widgetCarousel-1novinky-productModal\" onclick=\"kosikAjax.click(this)\" tabindex=\"-1\">\n                    <img src=\"https://cdn.kosik.cz/content/product/jpg/list-retina/empty.jpg\" data-src=\"https://cdn.kosik.cz/content/product/jpg/list-retina/43860.jpg\" alt=\"Kellogg's Frozen rýžové cerálie s vanilkovou příchutí 350g\" class=\"loading-images loading-image\">\n                </a>\n\n\n\n\n        </div>\n                <div class=\"product-item-info\">\n                <a data-href=\"/?productWidget-widgetCarousel-1novinky-id=26638&amp;do=productWidget-widgetCarousel-1novinky-modal\" class=\"product-name modal-link\" data-target=\"productWidget-widgetCarousel-1novinky-productModal\" onclick=\"kosikAjax.click(this)\" tabindex=\"-1\">\n                    Kellogg's Frozen rýžové cerálie s vanilkovou příchutí 350g\n                </a>\n            <p class=\"product-item-price \">\n                <span class=\"price-before-discount\">\n\t\t\t\t</span>\n<strong class=\"price\">99,90 Kč</strong>\n\n            </p>\n            <p class=\"product-item-unit\">\n                    (<strong class=\"price\">285,40 Kč</strong> / kg)\n            </p>\n                        <div class=\"product-list-rating\">\n            </div>\n<div id=\"snippet-productWidget-widgetCarousel-1novinky-buy-26638-quantity\">        <div class=\"product-quantity-control\">\n            <form action=\"/\" method=\"post\" class=\"ajax\" id=\"frm-productWidget-widgetCarousel-1novinky-buy-26638-quantityForm\">\n                <input type=\"text\" name=\"quantity\" size=\"3\" id=\"frm-productWidget-widgetCarousel-1novinky-buy-26638-quantityForm-quantity\" data-nette-rules=\"[{&quot;op&quot;:&quot;:integer&quot;,&quot;msg&quot;:&quot;Množství musí být číslo.&quot;}]\" value=\"1\" tabindex=\"-1\">\n                <input type=\"submit\" name=\"_submit\" value=\"Přidat\" class=\"product-quantity-control-submit plus\" tabindex=\"-1\">\n            <input type=\"hidden\" name=\"do\" value=\"productWidget-widgetCarousel-1novinky-buy-26638-quantityForm-submit\" tabindex=\"-1\"><!--[if IE]><input type=IEbug disabled style=\"display:none\"><![endif]-->\n</form>\n\n        </div>\n</div>\n\n        </div>\n\n        \n    </div><div id=\"product-append-26034\" class=\"product-item slick-slide\" style=\"width: 253px;\" data-slick-index=\"81\" aria-hidden=\"true\" tabindex=\"-1\" role=\"option\" aria-describedby=\"slick-slide281\">\n        <div class=\"product-item-flags\">\n        </div>\n        <div class=\"product-item-image\">\n                <a data-href=\"/?productWidget-widgetCarousel-1novinky-id=26034&amp;do=productWidget-widgetCarousel-1novinky-modal\" data-target=\"productWidget-widgetCarousel-1novinky-productModal\" onclick=\"kosikAjax.click(this)\" tabindex=\"-1\">\n                    <img src=\"https://cdn.kosik.cz/content/product/jpg/list-retina/empty.jpg\" data-src=\"https://cdn.kosik.cz/content/product/jpg/list-retina/43306.jpg\" alt=\"Beskydský korbáčik uzený 5ks  50g\" class=\"loading-images loading-image\">\n                </a>\n\n\n\n\n        </div>\n                <div class=\"product-item-info\">\n                <a data-href=\"/?productWidget-widgetCarousel-1novinky-id=26034&amp;do=productWidget-widgetCarousel-1novinky-modal\" class=\"product-name modal-link\" data-target=\"productWidget-widgetCarousel-1novinky-productModal\" onclick=\"kosikAjax.click(this)\" tabindex=\"-1\">\n                    Beskydský korbáčik uzený 5ks  50g<br><span class=\"new-product\">Novinka</span>\n                </a>\n            <p class=\"product-item-price \">\n                <span class=\"price-before-discount\">\n\t\t\t\t</span>\n<strong class=\"price\">26,90 Kč</strong>\n\n            </p>\n            <p class=\"product-item-unit\">\n                    (<strong class=\"price\">538,00 Kč</strong> / kg)\n            </p>\n                        <div class=\"product-list-rating\">\n            </div>\n<div id=\"snippet-productWidget-widgetCarousel-1novinky-buy-26034-quantity\">        <div class=\"product-quantity-control\">\n            <form action=\"/\" method=\"post\" class=\"ajax\" id=\"frm-productWidget-widgetCarousel-1novinky-buy-26034-quantityForm\">\n                <input type=\"text\" name=\"quantity\" size=\"3\" id=\"frm-productWidget-widgetCarousel-1novinky-buy-26034-quantityForm-quantity\" data-nette-rules=\"[{&quot;op&quot;:&quot;:integer&quot;,&quot;msg&quot;:&quot;Množství musí být číslo.&quot;}]\" value=\"1\" tabindex=\"-1\">\n                <input type=\"submit\" name=\"_submit\" value=\"Přidat\" class=\"product-quantity-control-submit plus\" tabindex=\"-1\">\n            <input type=\"hidden\" name=\"do\" value=\"productWidget-widgetCarousel-1novinky-buy-26034-quantityForm-submit\" tabindex=\"-1\"><!--[if IE]><input type=IEbug disabled style=\"display:none\"><![endif]-->\n</form>\n\n        </div>\n</div>\n\n        </div>\n\n        \n    </div><div id=\"product-append-26207\" class=\"product-item slick-slide\" style=\"width: 253px;\" data-slick-index=\"82\" aria-hidden=\"true\" tabindex=\"-1\" role=\"option\" aria-describedby=\"slick-slide282\">\n        <div class=\"product-item-flags\">\n        </div>\n        <div class=\"product-item-image\">\n                <a data-href=\"/?productWidget-widgetCarousel-1novinky-id=26207&amp;do=productWidget-widgetCarousel-1novinky-modal\" data-target=\"productWidget-widgetCarousel-1novinky-productModal\" onclick=\"kosikAjax.click(this)\" tabindex=\"-1\">\n                    <img src=\"https://cdn.kosik.cz/content/product/jpg/list-retina/empty.jpg\" data-src=\"https://cdn.kosik.cz/content/product/jpg/list-retina/43481.jpg\" alt=\"Kand Tortilla 8x20cm\" class=\"loading-images loading-image\">\n                </a>\n\n\n\n\n        </div>\n                <div class=\"product-item-info\">\n                <a data-href=\"/?productWidget-widgetCarousel-1novinky-id=26207&amp;do=productWidget-widgetCarousel-1novinky-modal\" class=\"product-name modal-link\" data-target=\"productWidget-widgetCarousel-1novinky-productModal\" onclick=\"kosikAjax.click(this)\" tabindex=\"-1\">\n                    Kand Tortilla 8x20cm\n                </a>\n            <p class=\"product-item-price \">\n                <span class=\"price-before-discount\">\n\t\t\t\t</span>\n<strong class=\"price\">34,90 Kč</strong>\n\n            </p>\n            <p class=\"product-item-unit\">\n                    (<strong class=\"price\">4,40 Kč</strong> / ks)\n            </p>\n                        <div class=\"product-list-rating\">\n            </div>\n<div id=\"snippet-productWidget-widgetCarousel-1novinky-buy-26207-quantity\">        <div class=\"product-quantity-control\">\n            <form action=\"/\" method=\"post\" class=\"ajax\" id=\"frm-productWidget-widgetCarousel-1novinky-buy-26207-quantityForm\">\n                <input type=\"text\" name=\"quantity\" size=\"3\" id=\"frm-productWidget-widgetCarousel-1novinky-buy-26207-quantityForm-quantity\" data-nette-rules=\"[{&quot;op&quot;:&quot;:integer&quot;,&quot;msg&quot;:&quot;Množství musí být číslo.&quot;}]\" value=\"1\" tabindex=\"-1\">\n                <input type=\"submit\" name=\"_submit\" value=\"Přidat\" class=\"product-quantity-control-submit plus\" tabindex=\"-1\">\n            <input type=\"hidden\" name=\"do\" value=\"productWidget-widgetCarousel-1novinky-buy-26207-quantityForm-submit\" tabindex=\"-1\"><!--[if IE]><input type=IEbug disabled style=\"display:none\"><![endif]-->\n</form>\n\n        </div>\n</div>\n\n        </div>\n\n        \n    </div><div id=\"product-append-26040\" class=\"product-item slick-slide\" style=\"width: 253px;\" data-slick-index=\"83\" aria-hidden=\"true\" tabindex=\"-1\" role=\"option\" aria-describedby=\"slick-slide283\">\n        <div class=\"product-item-flags\">\n        </div>\n        <div class=\"product-item-image\">\n                <a data-href=\"/?productWidget-widgetCarousel-1novinky-id=26040&amp;do=productWidget-widgetCarousel-1novinky-modal\" data-target=\"productWidget-widgetCarousel-1novinky-productModal\" onclick=\"kosikAjax.click(this)\" tabindex=\"-1\">\n                    <img src=\"https://cdn.kosik.cz/content/product/jpg/list-retina/empty.jpg\" data-src=\"https://cdn.kosik.cz/content/product/jpg/list-retina/43312.jpg\" alt=\"Milko Eidam uzený 30% plátky 100g\" class=\"loading-images loading-image\">\n                </a>\n\n\n\n\n        </div>\n                <div class=\"product-item-info\">\n                <a data-href=\"/?productWidget-widgetCarousel-1novinky-id=26040&amp;do=productWidget-widgetCarousel-1novinky-modal\" class=\"product-name modal-link\" data-target=\"productWidget-widgetCarousel-1novinky-productModal\" onclick=\"kosikAjax.click(this)\" tabindex=\"-1\">\n                    Milko Eidam uzený 30% plátky 100g\n                </a>\n            <p class=\"product-item-price \">\n                <span class=\"price-before-discount\">\n\t\t\t\t</span>\n<strong class=\"price\">25,90 Kč</strong>\n\n            </p>\n            <p class=\"product-item-unit\">\n                    (<strong class=\"price\">259,00 Kč</strong> / kg)\n            </p>\n                        <div class=\"product-list-rating\">\n            </div>\n<div id=\"snippet-productWidget-widgetCarousel-1novinky-buy-26040-quantity\">        <div class=\"product-quantity-control\">\n            <form action=\"/\" method=\"post\" class=\"ajax\" id=\"frm-productWidget-widgetCarousel-1novinky-buy-26040-quantityForm\">\n                <input type=\"text\" name=\"quantity\" size=\"3\" id=\"frm-productWidget-widgetCarousel-1novinky-buy-26040-quantityForm-quantity\" data-nette-rules=\"[{&quot;op&quot;:&quot;:integer&quot;,&quot;msg&quot;:&quot;Množství musí být číslo.&quot;}]\" value=\"1\" tabindex=\"-1\">\n                <input type=\"submit\" name=\"_submit\" value=\"Přidat\" class=\"product-quantity-control-submit plus\" tabindex=\"-1\">\n            <input type=\"hidden\" name=\"do\" value=\"productWidget-widgetCarousel-1novinky-buy-26040-quantityForm-submit\" tabindex=\"-1\"><!--[if IE]><input type=IEbug disabled style=\"display:none\"><![endif]-->\n</form>\n\n        </div>\n</div>\n\n        </div>\n\n        \n    </div><div id=\"product-append-2200\" class=\"product-item slick-slide\" style=\"width: 253px;\" data-slick-index=\"84\" aria-hidden=\"true\" tabindex=\"-1\" role=\"option\" aria-describedby=\"slick-slide284\">\n        <div class=\"product-item-flags\">\n        </div>\n        <div class=\"product-item-image\">\n                <a data-href=\"/?productWidget-widgetCarousel-1novinky-id=2200&amp;do=productWidget-widgetCarousel-1novinky-modal\" data-target=\"productWidget-widgetCarousel-1novinky-productModal\" onclick=\"kosikAjax.click(this)\" tabindex=\"-1\">\n                    <img src=\"https://cdn.kosik.cz/content/product/jpg/list-retina/empty.jpg\" data-src=\"https://cdn.kosik.cz/content/product/jpg/list-retina/2283.jpg\" alt=\"Hamé DIA Džem meruňkový 230g bez přidaného cukru\" class=\"loading-images loading-image\">\n                </a>\n\n\n\n\n        </div>\n                <div class=\"product-item-info\">\n                <a data-href=\"/?productWidget-widgetCarousel-1novinky-id=2200&amp;do=productWidget-widgetCarousel-1novinky-modal\" class=\"product-name modal-link\" data-target=\"productWidget-widgetCarousel-1novinky-productModal\" onclick=\"kosikAjax.click(this)\" tabindex=\"-1\">\n                    Hamé DIA Džem meruňkový 230g bez přidaného cukru\n                </a>\n            <p class=\"product-item-price \">\n                <span class=\"price-before-discount\">\n\t\t\t\t</span>\n<strong class=\"price\">32,90 Kč</strong>\n\n            </p>\n            <p class=\"product-item-unit\">\n                    (<strong class=\"price\">143,00 Kč</strong> / kg)\n            </p>\n                        <div class=\"product-list-rating\">\n            </div>\n<div id=\"snippet-productWidget-widgetCarousel-1novinky-buy-2200-quantity\">        <div class=\"product-quantity-control\">\n            <form action=\"/\" method=\"post\" class=\"ajax\" id=\"frm-productWidget-widgetCarousel-1novinky-buy-2200-quantityForm\">\n                <input type=\"text\" name=\"quantity\" size=\"3\" id=\"frm-productWidget-widgetCarousel-1novinky-buy-2200-quantityForm-quantity\" data-nette-rules=\"[{&quot;op&quot;:&quot;:integer&quot;,&quot;msg&quot;:&quot;Množství musí být číslo.&quot;}]\" value=\"1\" tabindex=\"-1\">\n                <input type=\"submit\" name=\"_submit\" value=\"Přidat\" class=\"product-quantity-control-submit plus\" tabindex=\"-1\">\n            <input type=\"hidden\" name=\"do\" value=\"productWidget-widgetCarousel-1novinky-buy-2200-quantityForm-submit\" tabindex=\"-1\"><!--[if IE]><input type=IEbug disabled style=\"display:none\"><![endif]-->\n</form>\n\n        </div>\n</div>\n\n        </div>\n\n        \n    </div><div id=\"product-append-26194\" class=\"product-item slick-slide\" style=\"width: 253px;\" data-slick-index=\"85\" aria-hidden=\"true\" tabindex=\"-1\" role=\"option\" aria-describedby=\"slick-slide285\">\n        <div class=\"product-item-flags\">\n        </div>\n        <div class=\"product-item-image\">\n                <a data-href=\"/?productWidget-widgetCarousel-1novinky-id=26194&amp;do=productWidget-widgetCarousel-1novinky-modal\" data-target=\"productWidget-widgetCarousel-1novinky-productModal\" onclick=\"kosikAjax.click(this)\" tabindex=\"-1\">\n                    <img src=\"https://cdn.kosik.cz/content/product/jpg/list-retina/empty.jpg\" data-src=\"https://cdn.kosik.cz/content/product/jpg/list-retina/43468.jpg\" alt=\"Kand Ocet Jablečný 5% 500ml\" class=\"loading-images loading-image\">\n                </a>\n\n\n\n\n        </div>\n                <div class=\"product-item-info\">\n                <a data-href=\"/?productWidget-widgetCarousel-1novinky-id=26194&amp;do=productWidget-widgetCarousel-1novinky-modal\" class=\"product-name modal-link\" data-target=\"productWidget-widgetCarousel-1novinky-productModal\" onclick=\"kosikAjax.click(this)\" tabindex=\"-1\">\n                    Kand Ocet Jablečný 5% 500ml\n                </a>\n            <p class=\"product-item-price \">\n                <span class=\"price-before-discount\">\n\t\t\t\t</span>\n<strong class=\"price\">38,90 Kč</strong>\n\n            </p>\n            <p class=\"product-item-unit\">\n                    (<strong class=\"price\">77,80 Kč</strong> / l)\n            </p>\n                        <div class=\"product-list-rating\">\n            </div>\n<div id=\"snippet-productWidget-widgetCarousel-1novinky-buy-26194-quantity\">        <div class=\"product-quantity-control\">\n            <form action=\"/\" method=\"post\" class=\"ajax\" id=\"frm-productWidget-widgetCarousel-1novinky-buy-26194-quantityForm\">\n                <input type=\"text\" name=\"quantity\" size=\"3\" id=\"frm-productWidget-widgetCarousel-1novinky-buy-26194-quantityForm-quantity\" data-nette-rules=\"[{&quot;op&quot;:&quot;:integer&quot;,&quot;msg&quot;:&quot;Množství musí být číslo.&quot;}]\" value=\"1\" tabindex=\"-1\">\n                <input type=\"submit\" name=\"_submit\" value=\"Přidat\" class=\"product-quantity-control-submit plus\" tabindex=\"-1\">\n            <input type=\"hidden\" name=\"do\" value=\"productWidget-widgetCarousel-1novinky-buy-26194-quantityForm-submit\" tabindex=\"-1\"><!--[if IE]><input type=IEbug disabled style=\"display:none\"><![endif]-->\n</form>\n\n        </div>\n</div>\n\n        </div>\n\n        \n    </div><div id=\"product-append-25560\" class=\"product-item slick-slide\" style=\"width: 253px;\" data-slick-index=\"86\" aria-hidden=\"true\" tabindex=\"-1\" role=\"option\" aria-describedby=\"slick-slide286\">\n        <div class=\"product-item-flags\">\n        </div>\n        <div class=\"product-item-image\">\n                <a data-href=\"/?productWidget-widgetCarousel-1novinky-id=25560&amp;do=productWidget-widgetCarousel-1novinky-modal\" data-target=\"productWidget-widgetCarousel-1novinky-productModal\" onclick=\"kosikAjax.click(this)\" tabindex=\"-1\">\n                    <img src=\"https://cdn.kosik.cz/content/product/jpg/list-retina/empty.jpg\" data-src=\"https://cdn.kosik.cz/content/product/jpg/list-retina/42840.jpg\" alt=\"Diana Kešu v čokoládové polevě bonnerex sypané skořicí 100g\" class=\"loading-images loading-image\">\n                </a>\n\n\n\n\n        </div>\n                <div class=\"product-item-info\">\n                <a data-href=\"/?productWidget-widgetCarousel-1novinky-id=25560&amp;do=productWidget-widgetCarousel-1novinky-modal\" class=\"product-name modal-link\" data-target=\"productWidget-widgetCarousel-1novinky-productModal\" onclick=\"kosikAjax.click(this)\" tabindex=\"-1\">\n                    Diana Kešu v čokoládové polevě bonnerex sypané skořicí 100g\n                </a>\n            <p class=\"product-item-price \">\n                <span class=\"price-before-discount\">\n\t\t\t\t</span>\n<strong class=\"price\">35,90 Kč</strong>\n\n            </p>\n            <p class=\"product-item-unit\">\n                    (<strong class=\"price\">359,00 Kč</strong> / kg)\n            </p>\n                        <div class=\"product-list-rating\">\n            </div>\n<div id=\"snippet-productWidget-widgetCarousel-1novinky-buy-25560-quantity\">        <div class=\"product-quantity-control\">\n            <form action=\"/\" method=\"post\" class=\"ajax\" id=\"frm-productWidget-widgetCarousel-1novinky-buy-25560-quantityForm\">\n                <input type=\"text\" name=\"quantity\" size=\"3\" id=\"frm-productWidget-widgetCarousel-1novinky-buy-25560-quantityForm-quantity\" data-nette-rules=\"[{&quot;op&quot;:&quot;:integer&quot;,&quot;msg&quot;:&quot;Množství musí být číslo.&quot;}]\" value=\"1\" tabindex=\"-1\">\n                <input type=\"submit\" name=\"_submit\" value=\"Přidat\" class=\"product-quantity-control-submit plus\" tabindex=\"-1\">\n            <input type=\"hidden\" name=\"do\" value=\"productWidget-widgetCarousel-1novinky-buy-25560-quantityForm-submit\" tabindex=\"-1\"><!--[if IE]><input type=IEbug disabled style=\"display:none\"><![endif]-->\n</form>\n\n        </div>\n</div>\n\n        </div>\n\n        \n    </div><div id=\"product-append-24646\" class=\"product-item slick-slide\" style=\"width: 253px;\" data-slick-index=\"87\" aria-hidden=\"true\" tabindex=\"-1\" role=\"option\" aria-describedby=\"slick-slide287\">\n        <div class=\"product-item-flags\">\n        </div>\n        <div class=\"product-item-image\">\n                <a data-href=\"/?productWidget-widgetCarousel-1novinky-id=24646&amp;do=productWidget-widgetCarousel-1novinky-modal\" data-target=\"productWidget-widgetCarousel-1novinky-productModal\" onclick=\"kosikAjax.click(this)\" tabindex=\"-1\">\n                    <img src=\"https://cdn.kosik.cz/content/product/jpg/list-retina/empty.jpg\" data-src=\"https://cdn.kosik.cz/content/product/jpg/list-retina/41901.jpg\" alt=\"Pepř zelený čerstvý 30g\" class=\"loading-images loading-image\">\n                </a>\n\n\n\n\n        </div>\n                <div class=\"product-item-info\">\n                <a data-href=\"/?productWidget-widgetCarousel-1novinky-id=24646&amp;do=productWidget-widgetCarousel-1novinky-modal\" class=\"product-name modal-link\" data-target=\"productWidget-widgetCarousel-1novinky-productModal\" onclick=\"kosikAjax.click(this)\" tabindex=\"-1\">\n                    Pepř zelený čerstvý 30g\n                </a>\n            <p class=\"product-item-price \">\n                <span class=\"price-before-discount\">\n\t\t\t\t</span>\n<strong class=\"price\">47,90 Kč</strong>\n\n            </p>\n            <p class=\"product-item-unit\">\n                    (<strong class=\"price\">1 596,70 Kč</strong> / kg)\n            </p>\n                        <div class=\"product-list-rating\">\n            </div>\n<div id=\"snippet-productWidget-widgetCarousel-1novinky-buy-24646-quantity\">        <div class=\"product-quantity-control\">\n            <form action=\"/\" method=\"post\" class=\"ajax\" id=\"frm-productWidget-widgetCarousel-1novinky-buy-24646-quantityForm\">\n                <input type=\"text\" name=\"quantity\" size=\"3\" id=\"frm-productWidget-widgetCarousel-1novinky-buy-24646-quantityForm-quantity\" data-nette-rules=\"[{&quot;op&quot;:&quot;:integer&quot;,&quot;msg&quot;:&quot;Množství musí být číslo.&quot;}]\" value=\"1\" tabindex=\"-1\">\n                <input type=\"submit\" name=\"_submit\" value=\"Přidat\" class=\"product-quantity-control-submit plus\" tabindex=\"-1\">\n            <input type=\"hidden\" name=\"do\" value=\"productWidget-widgetCarousel-1novinky-buy-24646-quantityForm-submit\" tabindex=\"-1\"><!--[if IE]><input type=IEbug disabled style=\"display:none\"><![endif]-->\n</form>\n\n        </div>\n</div>\n\n        </div>\n\n        \n    </div><div id=\"product-append-26712\" class=\"product-item slick-slide\" style=\"width: 253px;\" data-slick-index=\"88\" aria-hidden=\"true\" tabindex=\"-1\" role=\"option\" aria-describedby=\"slick-slide288\">\n        <div class=\"product-item-flags\">\n        </div>\n        <div class=\"product-item-image\">\n                <a data-href=\"/?productWidget-widgetCarousel-1novinky-id=26712&amp;do=productWidget-widgetCarousel-1novinky-modal\" data-target=\"productWidget-widgetCarousel-1novinky-productModal\" onclick=\"kosikAjax.click(this)\" tabindex=\"-1\">\n                    <img src=\"https://cdn.kosik.cz/content/product/jpg/list-retina/empty.jpg\" data-src=\"https://cdn.kosik.cz/content/product/jpg/list-retina/43935.jpg\" alt=\"COCOXIM kokosová voda s příchutí lotosový květ 330 ml\" class=\"loading-images loading-image\">\n                </a>\n\n\n\n\n        </div>\n                <div class=\"product-item-info\">\n                <a data-href=\"/?productWidget-widgetCarousel-1novinky-id=26712&amp;do=productWidget-widgetCarousel-1novinky-modal\" class=\"product-name modal-link\" data-target=\"productWidget-widgetCarousel-1novinky-productModal\" onclick=\"kosikAjax.click(this)\" tabindex=\"-1\">\n                    COCOXIM kokosová voda s příchutí lotosový květ 330 ml\n                </a>\n            <p class=\"product-item-price \">\n                <span class=\"price-before-discount\">\n\t\t\t\t</span>\n<strong class=\"price\">45,90 Kč</strong>\n\n            </p>\n            <p class=\"product-item-unit\">\n                    (<strong class=\"price\">139,10 Kč</strong> / l)\n            </p>\n                        <div class=\"product-list-rating\">\n            </div>\n<div id=\"snippet-productWidget-widgetCarousel-1novinky-buy-26712-quantity\">        <div class=\"product-quantity-control\">\n            <form action=\"/\" method=\"post\" class=\"ajax\" id=\"frm-productWidget-widgetCarousel-1novinky-buy-26712-quantityForm\">\n                <input type=\"text\" name=\"quantity\" size=\"3\" id=\"frm-productWidget-widgetCarousel-1novinky-buy-26712-quantityForm-quantity\" data-nette-rules=\"[{&quot;op&quot;:&quot;:integer&quot;,&quot;msg&quot;:&quot;Množství musí být číslo.&quot;}]\" value=\"1\" tabindex=\"-1\">\n                <input type=\"submit\" name=\"_submit\" value=\"Přidat\" class=\"product-quantity-control-submit plus\" tabindex=\"-1\">\n            <input type=\"hidden\" name=\"do\" value=\"productWidget-widgetCarousel-1novinky-buy-26712-quantityForm-submit\" tabindex=\"-1\"><!--[if IE]><input type=IEbug disabled style=\"display:none\"><![endif]-->\n</form>\n\n        </div>\n</div>\n\n        </div>\n\n        \n    </div><div id=\"product-append-26425\" class=\"product-item slick-slide\" style=\"width: 253px;\" data-slick-index=\"89\" aria-hidden=\"true\" tabindex=\"-1\" role=\"option\" aria-describedby=\"slick-slide289\">\n        <div class=\"product-item-flags\">\n        </div>\n        <div class=\"product-item-image\">\n                <a data-href=\"/?productWidget-widgetCarousel-1novinky-id=26425&amp;do=productWidget-widgetCarousel-1novinky-modal\" data-target=\"productWidget-widgetCarousel-1novinky-productModal\" onclick=\"kosikAjax.click(this)\" tabindex=\"-1\">\n                    <img src=\"https://cdn.kosik.cz/content/product/jpg/list-retina/empty.jpg\" data-src=\"https://cdn.kosik.cz/content/product/jpg/list-retina/43698.jpg\" alt=\"Tribe Root Beer nevratná láhev 0,33l\" class=\"loading-images loading-image\">\n                </a>\n\n\n\n\n        </div>\n                <div class=\"product-item-info\">\n                <a data-href=\"/?productWidget-widgetCarousel-1novinky-id=26425&amp;do=productWidget-widgetCarousel-1novinky-modal\" class=\"product-name modal-link\" data-target=\"productWidget-widgetCarousel-1novinky-productModal\" onclick=\"kosikAjax.click(this)\" tabindex=\"-1\">\n                    Tribe Root Beer nevratná láhev 0,33l\n                </a>\n            <p class=\"product-item-price \">\n                <span class=\"price-before-discount\">\n\t\t\t\t</span>\n<strong class=\"price\">27,90 Kč</strong>\n\n            </p>\n            <p class=\"product-item-unit\">\n                    (<strong class=\"price\">84,50 Kč</strong> / l)\n            </p>\n                        <div class=\"product-list-rating\">\n            </div>\n<div id=\"snippet-productWidget-widgetCarousel-1novinky-buy-26425-quantity\">        <div class=\"product-quantity-control\">\n            <form action=\"/\" method=\"post\" class=\"ajax\" id=\"frm-productWidget-widgetCarousel-1novinky-buy-26425-quantityForm\">\n                <input type=\"text\" name=\"quantity\" size=\"3\" id=\"frm-productWidget-widgetCarousel-1novinky-buy-26425-quantityForm-quantity\" data-nette-rules=\"[{&quot;op&quot;:&quot;:integer&quot;,&quot;msg&quot;:&quot;Množství musí být číslo.&quot;}]\" value=\"1\" tabindex=\"-1\">\n                <input type=\"submit\" name=\"_submit\" value=\"Přidat\" class=\"product-quantity-control-submit plus\" tabindex=\"-1\">\n            <input type=\"hidden\" name=\"do\" value=\"productWidget-widgetCarousel-1novinky-buy-26425-quantityForm-submit\" tabindex=\"-1\"><!--[if IE]><input type=IEbug disabled style=\"display:none\"><![endif]-->\n</form>\n\n        </div>\n</div>\n\n        </div>\n\n        \n    </div><div id=\"product-append-2763\" class=\"product-item slick-slide\" style=\"width: 253px;\" data-slick-index=\"90\" aria-hidden=\"true\" tabindex=\"-1\" role=\"option\" aria-describedby=\"slick-slide290\">\n        <div class=\"product-item-flags\">\n        </div>\n        <div class=\"product-item-image\">\n                <a data-href=\"/?productWidget-widgetCarousel-1novinky-id=2763&amp;do=productWidget-widgetCarousel-1novinky-modal\" data-target=\"productWidget-widgetCarousel-1novinky-productModal\" onclick=\"kosikAjax.click(this)\" tabindex=\"-1\">\n                    <img src=\"https://cdn.kosik.cz/content/product/jpg/list-retina/empty.jpg\" data-src=\"https://cdn.kosik.cz/content/product/jpg/list-retina/2864.jpg\" alt=\"Evian Přírodní minerální voda nesycená 0,75l\" class=\"loading-images loading-image\">\n                </a>\n\n\n\n\n        </div>\n                <div class=\"product-item-info\">\n                <a data-href=\"/?productWidget-widgetCarousel-1novinky-id=2763&amp;do=productWidget-widgetCarousel-1novinky-modal\" class=\"product-name modal-link\" data-target=\"productWidget-widgetCarousel-1novinky-productModal\" onclick=\"kosikAjax.click(this)\" tabindex=\"-1\">\n                    Evian Přírodní minerální voda nesycená 0,75l\n                </a>\n            <p class=\"product-item-price \">\n                <span class=\"price-before-discount\">\n\t\t\t\t</span>\n<strong class=\"price\">32,90 Kč</strong>\n\n            </p>\n            <p class=\"product-item-unit\">\n                    (<strong class=\"price\">43,90 Kč</strong> / l)\n            </p>\n                        <div class=\"product-list-rating\">\n            </div>\n<div id=\"snippet-productWidget-widgetCarousel-1novinky-buy-2763-quantity\">        <div class=\"product-quantity-control\">\n            <form action=\"/\" method=\"post\" class=\"ajax\" id=\"frm-productWidget-widgetCarousel-1novinky-buy-2763-quantityForm\">\n                <input type=\"text\" name=\"quantity\" size=\"3\" id=\"frm-productWidget-widgetCarousel-1novinky-buy-2763-quantityForm-quantity\" data-nette-rules=\"[{&quot;op&quot;:&quot;:integer&quot;,&quot;msg&quot;:&quot;Množství musí být číslo.&quot;}]\" value=\"1\" tabindex=\"-1\">\n                <input type=\"submit\" name=\"_submit\" value=\"Přidat\" class=\"product-quantity-control-submit plus\" tabindex=\"-1\">\n            <input type=\"hidden\" name=\"do\" value=\"productWidget-widgetCarousel-1novinky-buy-2763-quantityForm-submit\" tabindex=\"-1\"><!--[if IE]><input type=IEbug disabled style=\"display:none\"><![endif]-->\n</form>\n\n        </div>\n</div>\n\n        </div>\n\n        \n    </div><div id=\"product-append-15776\" class=\"product-item slick-slide\" style=\"width: 253px;\" data-slick-index=\"91\" aria-hidden=\"true\" tabindex=\"-1\" role=\"option\" aria-describedby=\"slick-slide291\">\n        <div class=\"product-item-flags\">\n        </div>\n        <div class=\"product-item-image\">\n                <a data-href=\"/?productWidget-widgetCarousel-1novinky-id=15776&amp;do=productWidget-widgetCarousel-1novinky-modal\" data-target=\"productWidget-widgetCarousel-1novinky-productModal\" onclick=\"kosikAjax.click(this)\" tabindex=\"-1\">\n                    <img src=\"https://cdn.kosik.cz/content/product/jpg/list-retina/empty.jpg\" data-src=\"https://cdn.kosik.cz/content/product/jpg/list-retina/33044.jpg\" alt=\"Kitl Medovina 500ml\" class=\"loading-images loading-image\">\n                </a>\n\n\n\n\n        </div>\n                <div class=\"product-item-info\">\n                <a data-href=\"/?productWidget-widgetCarousel-1novinky-id=15776&amp;do=productWidget-widgetCarousel-1novinky-modal\" class=\"product-name modal-link\" data-target=\"productWidget-widgetCarousel-1novinky-productModal\" onclick=\"kosikAjax.click(this)\" tabindex=\"-1\">\n                    Kitl Medovina 500ml\n                </a>\n            <p class=\"product-item-price \">\n                <span class=\"price-before-discount\">\n\t\t\t\t</span>\n<strong class=\"price\">159,00 Kč</strong>\n\n            </p>\n            <p class=\"product-item-unit\">\n                    (<strong class=\"price\">318,00 Kč</strong> / l)\n            </p>\n                        <div class=\"product-list-rating\">\n            </div>\n<div id=\"snippet-productWidget-widgetCarousel-1novinky-buy-15776-quantity\">        <div class=\"product-quantity-control\">\n            <form action=\"/\" method=\"post\" class=\"ajax\" id=\"frm-productWidget-widgetCarousel-1novinky-buy-15776-quantityForm\">\n                <input type=\"text\" name=\"quantity\" size=\"3\" id=\"frm-productWidget-widgetCarousel-1novinky-buy-15776-quantityForm-quantity\" data-nette-rules=\"[{&quot;op&quot;:&quot;:integer&quot;,&quot;msg&quot;:&quot;Množství musí být číslo.&quot;}]\" value=\"1\" tabindex=\"-1\">\n                <input type=\"submit\" name=\"_submit\" value=\"Přidat\" class=\"product-quantity-control-submit plus\" tabindex=\"-1\">\n            <input type=\"hidden\" name=\"do\" value=\"productWidget-widgetCarousel-1novinky-buy-15776-quantityForm-submit\" tabindex=\"-1\"><!--[if IE]><input type=IEbug disabled style=\"display:none\"><![endif]-->\n</form>\n\n        </div>\n</div>\n\n        </div>\n\n        \n    </div><div id=\"product-append-27566\" class=\"product-item slick-slide\" style=\"width: 253px;\" data-slick-index=\"92\" aria-hidden=\"true\" tabindex=\"-1\" role=\"option\" aria-describedby=\"slick-slide292\">\n        <div class=\"product-item-flags\">\n        </div>\n        <div class=\"product-item-image\">\n                <a data-href=\"/?productWidget-widgetCarousel-1novinky-id=27566&amp;do=productWidget-widgetCarousel-1novinky-modal\" data-target=\"productWidget-widgetCarousel-1novinky-productModal\" onclick=\"kosikAjax.click(this)\" tabindex=\"-1\">\n                    <img src=\"https://cdn.kosik.cz/content/product/jpg/list-retina/empty.jpg\" data-src=\"https://cdn.kosik.cz/content/product/jpg/list-retina/44853.jpg\" alt=\"PRAVE Rakovník Spišské párky (cca 400g)\" class=\"loading-images loading-image\">\n                </a>\n\n\n\n\n        </div>\n                <div class=\"product-item-info\">\n                <a data-href=\"/?productWidget-widgetCarousel-1novinky-id=27566&amp;do=productWidget-widgetCarousel-1novinky-modal\" class=\"product-name modal-link\" data-target=\"productWidget-widgetCarousel-1novinky-productModal\" onclick=\"kosikAjax.click(this)\" tabindex=\"-1\">\n                    PRAVE Rakovník Spišské párky (cca 400g)\n                </a>\n            <p class=\"product-item-price \">\n                <span class=\"price-before-discount\">\n\t\t\t\t</span>\n                <small class=\"circa-prefix\">cca </small><strong class=\"price\">64,80 Kč</strong>\n\n            </p>\n            <p class=\"product-item-unit\">\n                    (<strong class=\"price\">161,90 Kč</strong> / kg)\n            </p>\n                        <div class=\"product-list-rating\">\n            </div>\n<div id=\"snippet-productWidget-widgetCarousel-1novinky-buy-27566-quantity\">        <div class=\"product-quantity-control\">\n            <form action=\"/\" method=\"post\" class=\"ajax\" id=\"frm-productWidget-widgetCarousel-1novinky-buy-27566-quantityForm\">\n                <input type=\"text\" name=\"quantity\" size=\"3\" id=\"frm-productWidget-widgetCarousel-1novinky-buy-27566-quantityForm-quantity\" data-nette-rules=\"[{&quot;op&quot;:&quot;:integer&quot;,&quot;msg&quot;:&quot;Množství musí být číslo.&quot;}]\" value=\"1\" tabindex=\"-1\">\n                <input type=\"submit\" name=\"_submit\" value=\"Přidat\" class=\"product-quantity-control-submit plus\" tabindex=\"-1\">\n            <input type=\"hidden\" name=\"do\" value=\"productWidget-widgetCarousel-1novinky-buy-27566-quantityForm-submit\" tabindex=\"-1\"><!--[if IE]><input type=IEbug disabled style=\"display:none\"><![endif]-->\n</form>\n\n        </div>\n</div>\n\n        </div>\n\n        \n    </div><div id=\"product-append-22764\" class=\"product-item slick-slide\" style=\"width: 253px;\" data-slick-index=\"93\" aria-hidden=\"true\" tabindex=\"-1\" role=\"option\" aria-describedby=\"slick-slide293\">\n        <div class=\"product-item-flags\">\n        </div>\n        <div class=\"product-item-image\">\n                <a data-href=\"/?productWidget-widgetCarousel-1novinky-id=22764&amp;do=productWidget-widgetCarousel-1novinky-modal\" data-target=\"productWidget-widgetCarousel-1novinky-productModal\" onclick=\"kosikAjax.click(this)\" tabindex=\"-1\">\n                    <img src=\"https://cdn.kosik.cz/content/product/jpg/list-retina/empty.jpg\" data-src=\"https://cdn.kosik.cz/content/product/jpg/list-retina/40013.jpg\" alt=\"Kapucín Skyr 0,1% zakysaný dezert islandského typu natur 140g\" class=\"loading-images loading-image\">\n                </a>\n\n\n\n\n        </div>\n                <div class=\"product-item-info\">\n                <a data-href=\"/?productWidget-widgetCarousel-1novinky-id=22764&amp;do=productWidget-widgetCarousel-1novinky-modal\" class=\"product-name modal-link\" data-target=\"productWidget-widgetCarousel-1novinky-productModal\" onclick=\"kosikAjax.click(this)\" tabindex=\"-1\">\n                    Kapucín Skyr 0,1% zakysaný dezert islandského typu natur 140g\n                </a>\n            <p class=\"product-item-price \">\n                <span class=\"price-before-discount\">\n\t\t\t\t</span>\n<strong class=\"price\">16,90 Kč</strong>\n\n            </p>\n            <p class=\"product-item-unit\">\n                    (<strong class=\"price\">120,70 Kč</strong> / kg)\n            </p>\n                        <div class=\"product-list-rating\">\n            </div>\n<div id=\"snippet-productWidget-widgetCarousel-1novinky-buy-22764-quantity\">        <div class=\"product-quantity-control\">\n            <form action=\"/\" method=\"post\" class=\"ajax\" id=\"frm-productWidget-widgetCarousel-1novinky-buy-22764-quantityForm\">\n                <input type=\"text\" name=\"quantity\" size=\"3\" id=\"frm-productWidget-widgetCarousel-1novinky-buy-22764-quantityForm-quantity\" data-nette-rules=\"[{&quot;op&quot;:&quot;:integer&quot;,&quot;msg&quot;:&quot;Množství musí být číslo.&quot;}]\" value=\"1\" tabindex=\"-1\">\n                <input type=\"submit\" name=\"_submit\" value=\"Přidat\" class=\"product-quantity-control-submit plus\" tabindex=\"-1\">\n            <input type=\"hidden\" name=\"do\" value=\"productWidget-widgetCarousel-1novinky-buy-22764-quantityForm-submit\" tabindex=\"-1\"><!--[if IE]><input type=IEbug disabled style=\"display:none\"><![endif]-->\n</form>\n\n        </div>\n</div>\n\n        </div>\n\n        \n    </div><div id=\"product-append-27435\" class=\"product-item slick-slide\" style=\"width: 253px;\" data-slick-index=\"94\" aria-hidden=\"true\" tabindex=\"-1\" role=\"option\" aria-describedby=\"slick-slide294\">\n        <div class=\"product-item-flags\">\n        </div>\n        <div class=\"product-item-image\">\n                <a data-href=\"/?productWidget-widgetCarousel-1novinky-id=27435&amp;do=productWidget-widgetCarousel-1novinky-modal\" data-target=\"productWidget-widgetCarousel-1novinky-productModal\" onclick=\"kosikAjax.click(this)\" tabindex=\"-1\">\n                    <img src=\"https://cdn.kosik.cz/content/product/jpg/list-retina/empty.jpg\" data-src=\"https://cdn.kosik.cz/content/product/jpg/list-retina/44713.jpg\" alt=\"Viko Ovocné pyré jablko + jahoda 120g\" class=\"loading-images loading-image\">\n                </a>\n\n\n\n\n        </div>\n                <div class=\"product-item-info\">\n                <a data-href=\"/?productWidget-widgetCarousel-1novinky-id=27435&amp;do=productWidget-widgetCarousel-1novinky-modal\" class=\"product-name modal-link\" data-target=\"productWidget-widgetCarousel-1novinky-productModal\" onclick=\"kosikAjax.click(this)\" tabindex=\"-1\">\n                    Viko Ovocné pyré jablko + jahoda 120g\n                </a>\n            <p class=\"product-item-price \">\n                <span class=\"price-before-discount\">\n\t\t\t\t</span>\n<strong class=\"price\">12,50 Kč</strong>\n\n            </p>\n            <p class=\"product-item-unit\">\n                    (<strong class=\"price\">104,20 Kč</strong> / kg)\n            </p>\n                        <div class=\"product-list-rating\">\n            </div>\n<div id=\"snippet-productWidget-widgetCarousel-1novinky-buy-27435-quantity\">        <div class=\"product-quantity-control\">\n            <form action=\"/\" method=\"post\" class=\"ajax\" id=\"frm-productWidget-widgetCarousel-1novinky-buy-27435-quantityForm\">\n                <input type=\"text\" name=\"quantity\" size=\"3\" id=\"frm-productWidget-widgetCarousel-1novinky-buy-27435-quantityForm-quantity\" data-nette-rules=\"[{&quot;op&quot;:&quot;:integer&quot;,&quot;msg&quot;:&quot;Množství musí být číslo.&quot;}]\" value=\"1\" tabindex=\"-1\">\n                <input type=\"submit\" name=\"_submit\" value=\"Přidat\" class=\"product-quantity-control-submit plus\" tabindex=\"-1\">\n            <input type=\"hidden\" name=\"do\" value=\"productWidget-widgetCarousel-1novinky-buy-27435-quantityForm-submit\" tabindex=\"-1\"><!--[if IE]><input type=IEbug disabled style=\"display:none\"><![endif]-->\n</form>\n\n        </div>\n</div>\n\n        </div>\n\n        \n    </div><div id=\"product-append-27436\" class=\"product-item slick-slide\" style=\"width: 253px;\" data-slick-index=\"95\" aria-hidden=\"true\" tabindex=\"-1\" role=\"option\" aria-describedby=\"slick-slide295\">\n        <div class=\"product-item-flags\">\n        </div>\n        <div class=\"product-item-image\">\n                <a data-href=\"/?productWidget-widgetCarousel-1novinky-id=27436&amp;do=productWidget-widgetCarousel-1novinky-modal\" data-target=\"productWidget-widgetCarousel-1novinky-productModal\" onclick=\"kosikAjax.click(this)\" tabindex=\"-1\">\n                    <img src=\"https://cdn.kosik.cz/content/product/jpg/list-retina/empty.jpg\" data-src=\"https://cdn.kosik.cz/content/product/jpg/list-retina/44714.jpg\" alt=\"Viko Ovocné pyré jablko + meruňka 120g\" class=\"loading-images loading-image\">\n                </a>\n\n\n\n\n        </div>\n                <div class=\"product-item-info\">\n                <a data-href=\"/?productWidget-widgetCarousel-1novinky-id=27436&amp;do=productWidget-widgetCarousel-1novinky-modal\" class=\"product-name modal-link\" data-target=\"productWidget-widgetCarousel-1novinky-productModal\" onclick=\"kosikAjax.click(this)\" tabindex=\"-1\">\n                    Viko Ovocné pyré jablko + meruňka 120g\n                </a>\n            <p class=\"product-item-price \">\n                <span class=\"price-before-discount\">\n\t\t\t\t</span>\n<strong class=\"price\">12,50 Kč</strong>\n\n            </p>\n            <p class=\"product-item-unit\">\n                    (<strong class=\"price\">104,20 Kč</strong> / kg)\n            </p>\n                        <div class=\"product-list-rating\">\n            </div>\n<div id=\"snippet-productWidget-widgetCarousel-1novinky-buy-27436-quantity\">        <div class=\"product-quantity-control\">\n            <form action=\"/\" method=\"post\" class=\"ajax\" id=\"frm-productWidget-widgetCarousel-1novinky-buy-27436-quantityForm\">\n                <input type=\"text\" name=\"quantity\" size=\"3\" id=\"frm-productWidget-widgetCarousel-1novinky-buy-27436-quantityForm-quantity\" data-nette-rules=\"[{&quot;op&quot;:&quot;:integer&quot;,&quot;msg&quot;:&quot;Množství musí být číslo.&quot;}]\" value=\"1\" tabindex=\"-1\">\n                <input type=\"submit\" name=\"_submit\" value=\"Přidat\" class=\"product-quantity-control-submit plus\" tabindex=\"-1\">\n            <input type=\"hidden\" name=\"do\" value=\"productWidget-widgetCarousel-1novinky-buy-27436-quantityForm-submit\" tabindex=\"-1\"><!--[if IE]><input type=IEbug disabled style=\"display:none\"><![endif]-->\n</form>\n\n        </div>\n</div>\n\n        </div>\n\n        \n    </div><div id=\"product-append-27739\" class=\"product-item slick-slide\" style=\"width: 253px;\" data-slick-index=\"96\" aria-hidden=\"true\" tabindex=\"-1\" role=\"option\" aria-describedby=\"slick-slide296\">\n        <div class=\"product-item-flags\">\n        </div>\n        <div class=\"product-item-image\">\n                <a data-href=\"/?productWidget-widgetCarousel-1novinky-id=27739&amp;do=productWidget-widgetCarousel-1novinky-modal\" data-target=\"productWidget-widgetCarousel-1novinky-productModal\" onclick=\"kosikAjax.click(this)\" tabindex=\"-1\">\n                    <img src=\"https://cdn.kosik.cz/content/product/jpg/list-retina/empty.jpg\" data-src=\"https://cdn.kosik.cz/content/product/jpg/list-retina/45032.jpg\" alt=\"Haribo Liebesherzen želé cukrovinky s ovocnou příchutí s pěnovým cukrem 100g\" class=\"loading-images loading-image\">\n                </a>\n\n\n\n\n        </div>\n                <div class=\"product-item-info\">\n                <a data-href=\"/?productWidget-widgetCarousel-1novinky-id=27739&amp;do=productWidget-widgetCarousel-1novinky-modal\" class=\"product-name modal-link\" data-target=\"productWidget-widgetCarousel-1novinky-productModal\" onclick=\"kosikAjax.click(this)\" tabindex=\"-1\">\n                    Haribo Liebesherzen želé cukrovinky s ovocnou příchutí s pěnovým cukrem 100g<br><span class=\"new-product\">Novinka</span>\n                </a>\n            <p class=\"product-item-price \">\n                <span class=\"price-before-discount\">\n\t\t\t\t</span>\n<strong class=\"price\">21,90 Kč</strong>\n\n            </p>\n            <p class=\"product-item-unit\">\n                    (<strong class=\"price\">219,00 Kč</strong> / kg)\n            </p>\n                        <div class=\"product-list-rating\">\n            </div>\n<div id=\"snippet-productWidget-widgetCarousel-1novinky-buy-27739-quantity\">        <div class=\"product-quantity-control\">\n            <form action=\"/\" method=\"post\" class=\"ajax\" id=\"frm-productWidget-widgetCarousel-1novinky-buy-27739-quantityForm\">\n                <input type=\"text\" name=\"quantity\" size=\"3\" id=\"frm-productWidget-widgetCarousel-1novinky-buy-27739-quantityForm-quantity\" data-nette-rules=\"[{&quot;op&quot;:&quot;:integer&quot;,&quot;msg&quot;:&quot;Množství musí být číslo.&quot;}]\" value=\"1\" tabindex=\"-1\">\n                <input type=\"submit\" name=\"_submit\" value=\"Přidat\" class=\"product-quantity-control-submit plus\" tabindex=\"-1\">\n            <input type=\"hidden\" name=\"do\" value=\"productWidget-widgetCarousel-1novinky-buy-27739-quantityForm-submit\" tabindex=\"-1\"><!--[if IE]><input type=IEbug disabled style=\"display:none\"><![endif]-->\n</form>\n\n        </div>\n</div>\n\n        </div>\n\n        \n    </div><div id=\"product-append-28117\" class=\"product-item slick-slide\" style=\"width: 253px;\" data-slick-index=\"97\" aria-hidden=\"true\" tabindex=\"-1\" role=\"option\" aria-describedby=\"slick-slide297\">\n        <div class=\"product-item-flags\">\n        </div>\n        <div class=\"product-item-image\">\n                <a data-href=\"/?productWidget-widgetCarousel-1novinky-id=28117&amp;do=productWidget-widgetCarousel-1novinky-modal\" data-target=\"productWidget-widgetCarousel-1novinky-productModal\" onclick=\"kosikAjax.click(this)\" tabindex=\"-1\">\n                    <img src=\"https://cdn.kosik.cz/content/product/jpg/list-retina/empty.jpg\" data-src=\"https://cdn.kosik.cz/content/product/jpg/list-retina/45452.jpg\" alt=\"Jablko Pink Lady (cca 220g)\" class=\"loading-images loading-image\">\n                </a>\n\n\n\n\n        </div>\n                <div class=\"product-item-info\">\n                <a data-href=\"/?productWidget-widgetCarousel-1novinky-id=28117&amp;do=productWidget-widgetCarousel-1novinky-modal\" class=\"product-name modal-link\" data-target=\"productWidget-widgetCarousel-1novinky-productModal\" onclick=\"kosikAjax.click(this)\" tabindex=\"-1\">\n                    Jablko Pink Lady (cca 220g)\n                </a>\n            <p class=\"product-item-price \">\n                <span class=\"price-before-discount\">\n\t\t\t\t</span>\n                <small class=\"circa-prefix\">cca </small><strong class=\"price\">17,60 Kč</strong>\n\n            </p>\n            <p class=\"product-item-unit\">\n                    (<strong class=\"price\">79,90 Kč</strong> / kg)\n            </p>\n                        <div class=\"product-list-rating\">\n                <span><ul class=\"rating\"><li class=\"rating-children rating-1 up\" data-rating=\"1\"><i class=\"fa fa-star\"></i></li><li class=\"rating-children rating-2 up\" data-rating=\"2\"><i class=\"fa fa-star\"></i></li><li class=\"rating-children rating-3 up\" data-rating=\"3\"><i class=\"fa fa-star\"></i></li><li class=\"rating-children rating-4 up\" data-rating=\"4\"><i class=\"fa fa-star\"></i></li><li class=\"rating-children rating-5 up\" data-rating=\"5\"><i class=\"fa fa-star\"></i></li></ul></span>\n            </div>\n<div id=\"snippet-productWidget-widgetCarousel-1novinky-buy-28117-quantity\">        <div class=\"product-quantity-control\">\n            <form action=\"/\" method=\"post\" class=\"ajax\" id=\"frm-productWidget-widgetCarousel-1novinky-buy-28117-quantityForm\">\n                <input type=\"text\" name=\"quantity\" size=\"3\" id=\"frm-productWidget-widgetCarousel-1novinky-buy-28117-quantityForm-quantity\" data-nette-rules=\"[{&quot;op&quot;:&quot;:integer&quot;,&quot;msg&quot;:&quot;Množství musí být číslo.&quot;}]\" value=\"1\" tabindex=\"-1\">\n                <input type=\"submit\" name=\"_submit\" value=\"Přidat\" class=\"product-quantity-control-submit plus\" tabindex=\"-1\">\n            <input type=\"hidden\" name=\"do\" value=\"productWidget-widgetCarousel-1novinky-buy-28117-quantityForm-submit\" tabindex=\"-1\"><!--[if IE]><input type=IEbug disabled style=\"display:none\"><![endif]-->\n</form>\n\n        </div>\n</div>\n\n        </div>\n\n        \n    </div><div id=\"product-append-28058\" class=\"product-item slick-slide\" style=\"width: 253px;\" data-slick-index=\"98\" aria-hidden=\"true\" tabindex=\"-1\" role=\"option\" aria-describedby=\"slick-slide298\">\n        <div class=\"product-item-flags\">\n        </div>\n        <div class=\"product-item-image\">\n                <a data-href=\"/?productWidget-widgetCarousel-1novinky-id=28058&amp;do=productWidget-widgetCarousel-1novinky-modal\" data-target=\"productWidget-widgetCarousel-1novinky-productModal\" onclick=\"kosikAjax.click(this)\" tabindex=\"-1\">\n                    <img src=\"https://cdn.kosik.cz/content/product/jpg/list-retina/empty.jpg\" data-src=\"https://cdn.kosik.cz/content/product/jpg/list-retina/45387.jpg\" alt=\"Salát Red Chard 125g\" class=\"loading-images loading-image\">\n                </a>\n\n\n\n\n        </div>\n                <div class=\"product-item-info\">\n                <a data-href=\"/?productWidget-widgetCarousel-1novinky-id=28058&amp;do=productWidget-widgetCarousel-1novinky-modal\" class=\"product-name modal-link\" data-target=\"productWidget-widgetCarousel-1novinky-productModal\" onclick=\"kosikAjax.click(this)\" tabindex=\"-1\">\n                    Salát Red Chard 125g\n                </a>\n            <p class=\"product-item-price \">\n                <span class=\"price-before-discount\">\n\t\t\t\t</span>\n<strong class=\"price\">37,90 Kč</strong>\n\n            </p>\n            <p class=\"product-item-unit\">\n                    (<strong class=\"price\">303,20 Kč</strong> / kg)\n            </p>\n                        <div class=\"product-list-rating\">\n            </div>\n<div id=\"snippet-productWidget-widgetCarousel-1novinky-buy-28058-quantity\">        <div class=\"product-quantity-control\">\n            <form action=\"/\" method=\"post\" class=\"ajax\" id=\"frm-productWidget-widgetCarousel-1novinky-buy-28058-quantityForm\">\n                <input type=\"text\" name=\"quantity\" size=\"3\" id=\"frm-productWidget-widgetCarousel-1novinky-buy-28058-quantityForm-quantity\" data-nette-rules=\"[{&quot;op&quot;:&quot;:integer&quot;,&quot;msg&quot;:&quot;Množství musí být číslo.&quot;}]\" value=\"1\" tabindex=\"-1\">\n                <input type=\"submit\" name=\"_submit\" value=\"Přidat\" class=\"product-quantity-control-submit plus\" tabindex=\"-1\">\n            <input type=\"hidden\" name=\"do\" value=\"productWidget-widgetCarousel-1novinky-buy-28058-quantityForm-submit\" tabindex=\"-1\"><!--[if IE]><input type=IEbug disabled style=\"display:none\"><![endif]-->\n</form>\n\n        </div>\n</div>\n\n        </div>\n\n        \n    </div><div id=\"product-append-26422\" class=\"product-item slick-slide\" style=\"width: 253px;\" data-slick-index=\"99\" aria-hidden=\"true\" tabindex=\"-1\" role=\"option\" aria-describedby=\"slick-slide299\">\n        <div class=\"product-item-flags\">\n        </div>\n        <div class=\"product-item-image\">\n                <a data-href=\"/?productWidget-widgetCarousel-1novinky-id=26422&amp;do=productWidget-widgetCarousel-1novinky-modal\" data-target=\"productWidget-widgetCarousel-1novinky-productModal\" onclick=\"kosikAjax.click(this)\" tabindex=\"-1\">\n                    <img src=\"https://cdn.kosik.cz/content/product/jpg/list-retina/empty.jpg\" data-src=\"https://cdn.kosik.cz/content/product/jpg/list-retina/43695.jpg\" alt=\"Kapucín Skyr brusinka 140g\" class=\"loading-images loading-image\">\n                </a>\n\n\n\n\n        </div>\n                <div class=\"product-item-info\">\n                <a data-href=\"/?productWidget-widgetCarousel-1novinky-id=26422&amp;do=productWidget-widgetCarousel-1novinky-modal\" class=\"product-name modal-link\" data-target=\"productWidget-widgetCarousel-1novinky-productModal\" onclick=\"kosikAjax.click(this)\" tabindex=\"-1\">\n                    Kapucín Skyr brusinka 140g\n                </a>\n            <p class=\"product-item-price \">\n                <span class=\"price-before-discount\">\n\t\t\t\t</span>\n<strong class=\"price\">16,90 Kč</strong>\n\n            </p>\n            <p class=\"product-item-unit\">\n                    (<strong class=\"price\">120,70 Kč</strong> / kg)\n            </p>\n                        <div class=\"product-list-rating\">\n            </div>\n<div id=\"snippet-productWidget-widgetCarousel-1novinky-buy-26422-quantity\">        <div class=\"product-quantity-control\">\n            <form action=\"/\" method=\"post\" class=\"ajax\" id=\"frm-productWidget-widgetCarousel-1novinky-buy-26422-quantityForm\">\n                <input type=\"text\" name=\"quantity\" size=\"3\" id=\"frm-productWidget-widgetCarousel-1novinky-buy-26422-quantityForm-quantity\" data-nette-rules=\"[{&quot;op&quot;:&quot;:integer&quot;,&quot;msg&quot;:&quot;Množství musí být číslo.&quot;}]\" value=\"1\" tabindex=\"-1\">\n                <input type=\"submit\" name=\"_submit\" value=\"Přidat\" class=\"product-quantity-control-submit plus\" tabindex=\"-1\">\n            <input type=\"hidden\" name=\"do\" value=\"productWidget-widgetCarousel-1novinky-buy-26422-quantityForm-submit\" tabindex=\"-1\"><!--[if IE]><input type=IEbug disabled style=\"display:none\"><![endif]-->\n</form>\n\n        </div>\n</div>\n\n        </div>\n\n        \n    </div><div id=\"product-append-27437\" class=\"product-item slick-slide\" style=\"width: 253px;\" data-slick-index=\"100\" aria-hidden=\"true\" tabindex=\"-1\" role=\"option\" aria-describedby=\"slick-slide2100\">\n        <div class=\"product-item-flags\">\n        </div>\n        <div class=\"product-item-image\">\n                <a data-href=\"/?productWidget-widgetCarousel-1novinky-id=27437&amp;do=productWidget-widgetCarousel-1novinky-modal\" data-target=\"productWidget-widgetCarousel-1novinky-productModal\" onclick=\"kosikAjax.click(this)\" tabindex=\"-1\">\n                    <img src=\"https://cdn.kosik.cz/content/product/jpg/list-retina/empty.jpg\" data-src=\"https://cdn.kosik.cz/content/product/jpg/list-retina/44715.jpg\" alt=\"Viko Ovocné pyré jablko + banán 120g\" class=\"loading-images loading-image\">\n                </a>\n\n\n\n\n        </div>\n                <div class=\"product-item-info\">\n                <a data-href=\"/?productWidget-widgetCarousel-1novinky-id=27437&amp;do=productWidget-widgetCarousel-1novinky-modal\" class=\"product-name modal-link\" data-target=\"productWidget-widgetCarousel-1novinky-productModal\" onclick=\"kosikAjax.click(this)\" tabindex=\"-1\">\n                    Viko Ovocné pyré jablko + banán 120g\n                </a>\n            <p class=\"product-item-price \">\n                <span class=\"price-before-discount\">\n\t\t\t\t</span>\n<strong class=\"price\">12,50 Kč</strong>\n\n            </p>\n            <p class=\"product-item-unit\">\n                    (<strong class=\"price\">104,20 Kč</strong> / kg)\n            </p>\n                        <div class=\"product-list-rating\">\n            </div>\n<div id=\"snippet-productWidget-widgetCarousel-1novinky-buy-27437-quantity\">        <div class=\"product-quantity-control\">\n            <form action=\"/\" method=\"post\" class=\"ajax\" id=\"frm-productWidget-widgetCarousel-1novinky-buy-27437-quantityForm\">\n                <input type=\"text\" name=\"quantity\" size=\"3\" id=\"frm-productWidget-widgetCarousel-1novinky-buy-27437-quantityForm-quantity\" data-nette-rules=\"[{&quot;op&quot;:&quot;:integer&quot;,&quot;msg&quot;:&quot;Množství musí být číslo.&quot;}]\" value=\"1\" tabindex=\"-1\">\n                <input type=\"submit\" name=\"_submit\" value=\"Přidat\" class=\"product-quantity-control-submit plus\" tabindex=\"-1\">\n            <input type=\"hidden\" name=\"do\" value=\"productWidget-widgetCarousel-1novinky-buy-27437-quantityForm-submit\" tabindex=\"-1\"><!--[if IE]><input type=IEbug disabled style=\"display:none\"><![endif]-->\n</form>\n\n        </div>\n</div>\n\n        </div>\n\n        \n    </div><div id=\"product-append-28118\" class=\"product-item slick-slide\" style=\"width: 253px;\" data-slick-index=\"101\" aria-hidden=\"true\" tabindex=\"-1\" role=\"option\" aria-describedby=\"slick-slide2101\">\n        <div class=\"product-item-flags\">\n        </div>\n        <div class=\"product-item-image\">\n                <a data-href=\"/?productWidget-widgetCarousel-1novinky-id=28118&amp;do=productWidget-widgetCarousel-1novinky-modal\" data-target=\"productWidget-widgetCarousel-1novinky-productModal\" onclick=\"kosikAjax.click(this)\" tabindex=\"-1\">\n                    <img src=\"https://cdn.kosik.cz/content/product/jpg/list-retina/empty.jpg\" data-src=\"https://cdn.kosik.cz/content/product/jpg/list-retina/45453.jpg\" alt=\"Jablko Fuji (cca 220g)\" class=\"loading-images loading-image\">\n                </a>\n\n\n\n\n        </div>\n                <div class=\"product-item-info\">\n                <a data-href=\"/?productWidget-widgetCarousel-1novinky-id=28118&amp;do=productWidget-widgetCarousel-1novinky-modal\" class=\"product-name modal-link\" data-target=\"productWidget-widgetCarousel-1novinky-productModal\" onclick=\"kosikAjax.click(this)\" tabindex=\"-1\">\n                    Jablko Fuji (cca 220g)\n                </a>\n            <p class=\"product-item-price \">\n                <span class=\"price-before-discount\">\n\t\t\t\t</span>\n                <small class=\"circa-prefix\">cca </small><strong class=\"price\">14,30 Kč</strong>\n\n            </p>\n            <p class=\"product-item-unit\">\n                    (<strong class=\"price\">64,90 Kč</strong> / kg)\n            </p>\n                        <div class=\"product-list-rating\">\n            </div>\n<div id=\"snippet-productWidget-widgetCarousel-1novinky-buy-28118-quantity\">        <div class=\"product-quantity-control\">\n            <form action=\"/\" method=\"post\" class=\"ajax\" id=\"frm-productWidget-widgetCarousel-1novinky-buy-28118-quantityForm\">\n                <input type=\"text\" name=\"quantity\" size=\"3\" id=\"frm-productWidget-widgetCarousel-1novinky-buy-28118-quantityForm-quantity\" data-nette-rules=\"[{&quot;op&quot;:&quot;:integer&quot;,&quot;msg&quot;:&quot;Množství musí být číslo.&quot;}]\" value=\"1\" tabindex=\"-1\">\n                <input type=\"submit\" name=\"_submit\" value=\"Přidat\" class=\"product-quantity-control-submit plus\" tabindex=\"-1\">\n            <input type=\"hidden\" name=\"do\" value=\"productWidget-widgetCarousel-1novinky-buy-28118-quantityForm-submit\" tabindex=\"-1\"><!--[if IE]><input type=IEbug disabled style=\"display:none\"><![endif]-->\n</form>\n\n        </div>\n</div>\n\n        </div>\n\n        \n    </div><div id=\"product-append-27502\" class=\"product-item slick-slide\" style=\"width: 253px;\" data-slick-index=\"102\" aria-hidden=\"true\" tabindex=\"-1\" role=\"option\" aria-describedby=\"slick-slide2102\">\n        <div class=\"product-item-flags\">\n        </div>\n        <div class=\"product-item-image\">\n                <a data-href=\"/?productWidget-widgetCarousel-1novinky-id=27502&amp;do=productWidget-widgetCarousel-1novinky-modal\" data-target=\"productWidget-widgetCarousel-1novinky-productModal\" onclick=\"kosikAjax.click(this)\" tabindex=\"-1\">\n                    <img src=\"https://cdn.kosik.cz/content/product/jpg/list-retina/empty.jpg\" data-src=\"https://cdn.kosik.cz/content/product/jpg/list-retina/44786.jpg\" alt=\"Vinium Velké Pavlovice Rulandské šedé výběr z hroznů bílé polosuché víno 0.75l\" class=\"loading-images loading-image\">\n                </a>\n\n\n\n\n        </div>\n                <div class=\"product-item-info\">\n                <a data-href=\"/?productWidget-widgetCarousel-1novinky-id=27502&amp;do=productWidget-widgetCarousel-1novinky-modal\" class=\"product-name modal-link\" data-target=\"productWidget-widgetCarousel-1novinky-productModal\" onclick=\"kosikAjax.click(this)\" tabindex=\"-1\">\n                    Vinium Velké Pavlovice Rulandské šedé výběr z hroznů bílé polosuché víno 0.75l\n                </a>\n            <p class=\"product-item-price \">\n                <span class=\"price-before-discount\">\n\t\t\t\t</span>\n<strong class=\"price\">174,90 Kč</strong>\n\n            </p>\n            <p class=\"product-item-unit\">\n                    (<strong class=\"price\">233,20 Kč</strong> / l)\n            </p>\n                        <div class=\"product-list-rating\">\n            </div>\n<div id=\"snippet-productWidget-widgetCarousel-1novinky-buy-27502-quantity\">        <div class=\"product-quantity-control\">\n            <form action=\"/\" method=\"post\" class=\"ajax\" id=\"frm-productWidget-widgetCarousel-1novinky-buy-27502-quantityForm\">\n                <input type=\"text\" name=\"quantity\" size=\"3\" id=\"frm-productWidget-widgetCarousel-1novinky-buy-27502-quantityForm-quantity\" data-nette-rules=\"[{&quot;op&quot;:&quot;:integer&quot;,&quot;msg&quot;:&quot;Množství musí být číslo.&quot;}]\" value=\"1\" tabindex=\"-1\">\n                <input type=\"submit\" name=\"_submit\" value=\"Přidat\" class=\"product-quantity-control-submit plus\" tabindex=\"-1\">\n            <input type=\"hidden\" name=\"do\" value=\"productWidget-widgetCarousel-1novinky-buy-27502-quantityForm-submit\" tabindex=\"-1\"><!--[if IE]><input type=IEbug disabled style=\"display:none\"><![endif]-->\n</form>\n\n        </div>\n</div>\n\n        </div>\n\n        \n    </div><div id=\"product-append-27491\" class=\"product-item slick-slide\" style=\"width: 253px;\" data-slick-index=\"103\" aria-hidden=\"true\" tabindex=\"-1\" role=\"option\" aria-describedby=\"slick-slide2103\">\n        <div class=\"product-item-flags\">\n        </div>\n        <div class=\"product-item-image\">\n                <a data-href=\"/?productWidget-widgetCarousel-1novinky-id=27491&amp;do=productWidget-widgetCarousel-1novinky-modal\" data-target=\"productWidget-widgetCarousel-1novinky-productModal\" onclick=\"kosikAjax.click(this)\" tabindex=\"-1\">\n                    <img src=\"https://cdn.kosik.cz/content/product/jpg/list-retina/empty.jpg\" data-src=\"https://cdn.kosik.cz/content/product/jpg/list-retina/44775.jpg\" alt=\"Adler Párky Šmakoun 180g\" class=\"loading-images loading-image\">\n                </a>\n\n\n\n\n        </div>\n                <div class=\"product-item-info\">\n                <a data-href=\"/?productWidget-widgetCarousel-1novinky-id=27491&amp;do=productWidget-widgetCarousel-1novinky-modal\" class=\"product-name modal-link\" data-target=\"productWidget-widgetCarousel-1novinky-productModal\" onclick=\"kosikAjax.click(this)\" tabindex=\"-1\">\n                    Adler Párky Šmakoun 180g\n                </a>\n            <p class=\"product-item-price \">\n                <span class=\"price-before-discount\">\n\t\t\t\t</span>\n<strong class=\"price\">49,90 Kč</strong>\n\n            </p>\n            <p class=\"product-item-unit\">\n                    (<strong class=\"price\">277,20 Kč</strong> / kg)\n            </p>\n                        <div class=\"product-list-rating\">\n            </div>\n<div id=\"snippet-productWidget-widgetCarousel-1novinky-buy-27491-quantity\">        <div class=\"product-quantity-control\">\n            <form action=\"/\" method=\"post\" class=\"ajax\" id=\"frm-productWidget-widgetCarousel-1novinky-buy-27491-quantityForm\">\n                <input type=\"text\" name=\"quantity\" size=\"3\" id=\"frm-productWidget-widgetCarousel-1novinky-buy-27491-quantityForm-quantity\" data-nette-rules=\"[{&quot;op&quot;:&quot;:integer&quot;,&quot;msg&quot;:&quot;Množství musí být číslo.&quot;}]\" value=\"1\" tabindex=\"-1\">\n                <input type=\"submit\" name=\"_submit\" value=\"Přidat\" class=\"product-quantity-control-submit plus\" tabindex=\"-1\">\n            <input type=\"hidden\" name=\"do\" value=\"productWidget-widgetCarousel-1novinky-buy-27491-quantityForm-submit\" tabindex=\"-1\"><!--[if IE]><input type=IEbug disabled style=\"display:none\"><![endif]-->\n</form>\n\n        </div>\n</div>\n\n        </div>\n\n        \n    </div><div id=\"product-append-27559\" class=\"product-item slick-slide\" style=\"width: 253px;\" data-slick-index=\"104\" aria-hidden=\"true\" tabindex=\"-1\" role=\"option\" aria-describedby=\"slick-slide2104\">\n        <div class=\"product-item-flags\">\n        </div>\n        <div class=\"product-item-image\">\n                <a data-href=\"/?productWidget-widgetCarousel-1novinky-id=27559&amp;do=productWidget-widgetCarousel-1novinky-modal\" data-target=\"productWidget-widgetCarousel-1novinky-productModal\" onclick=\"kosikAjax.click(this)\" tabindex=\"-1\">\n                    <img src=\"https://cdn.kosik.cz/content/product/jpg/list-retina/empty.jpg\" data-src=\"https://cdn.kosik.cz/content/product/jpg/list-retina/44846.jpg\" alt=\"PRAVE Rakovník Jemné párky (cca 400g)\" class=\"loading-images loading-image\">\n                </a>\n\n\n\n\n        </div>\n                <div class=\"product-item-info\">\n                <a data-href=\"/?productWidget-widgetCarousel-1novinky-id=27559&amp;do=productWidget-widgetCarousel-1novinky-modal\" class=\"product-name modal-link\" data-target=\"productWidget-widgetCarousel-1novinky-productModal\" onclick=\"kosikAjax.click(this)\" tabindex=\"-1\">\n                    PRAVE Rakovník Jemné párky (cca 400g)\n                </a>\n            <p class=\"product-item-price \">\n                <span class=\"price-before-discount\">\n\t\t\t\t</span>\n                <small class=\"circa-prefix\">cca </small><strong class=\"price\">49,90 Kč</strong>\n\n            </p>\n            <p class=\"product-item-unit\">\n                    (<strong class=\"price\">124,80 Kč</strong> / kg)\n            </p>\n                        <div class=\"product-list-rating\">\n            </div>\n<div id=\"snippet-productWidget-widgetCarousel-1novinky-buy-27559-quantity\">        <div class=\"product-quantity-control\">\n            <form action=\"/\" method=\"post\" class=\"ajax\" id=\"frm-productWidget-widgetCarousel-1novinky-buy-27559-quantityForm\">\n                <input type=\"text\" name=\"quantity\" size=\"3\" id=\"frm-productWidget-widgetCarousel-1novinky-buy-27559-quantityForm-quantity\" data-nette-rules=\"[{&quot;op&quot;:&quot;:integer&quot;,&quot;msg&quot;:&quot;Množství musí být číslo.&quot;}]\" value=\"1\" tabindex=\"-1\">\n                <input type=\"submit\" name=\"_submit\" value=\"Přidat\" class=\"product-quantity-control-submit plus\" tabindex=\"-1\">\n            <input type=\"hidden\" name=\"do\" value=\"productWidget-widgetCarousel-1novinky-buy-27559-quantityForm-submit\" tabindex=\"-1\"><!--[if IE]><input type=IEbug disabled style=\"display:none\"><![endif]-->\n</form>\n\n        </div>\n</div>\n\n        </div>\n\n        \n    </div><div id=\"product-append-27560\" class=\"product-item slick-slide\" style=\"width: 253px;\" data-slick-index=\"105\" aria-hidden=\"true\" tabindex=\"-1\" role=\"option\" aria-describedby=\"slick-slide2105\">\n        <div class=\"product-item-flags\">\n        </div>\n        <div class=\"product-item-image\">\n                <a data-href=\"/?productWidget-widgetCarousel-1novinky-id=27560&amp;do=productWidget-widgetCarousel-1novinky-modal\" data-target=\"productWidget-widgetCarousel-1novinky-productModal\" onclick=\"kosikAjax.click(this)\" tabindex=\"-1\">\n                    <img src=\"https://cdn.kosik.cz/content/product/jpg/list-retina/empty.jpg\" data-src=\"https://cdn.kosik.cz/content/product/jpg/list-retina/44847.jpg\" alt=\"PRAVE Rakovník Čertovské párky (cca 400g)\" class=\"loading-images loading-image\">\n                </a>\n\n\n\n\n        </div>\n                <div class=\"product-item-info\">\n                <a data-href=\"/?productWidget-widgetCarousel-1novinky-id=27560&amp;do=productWidget-widgetCarousel-1novinky-modal\" class=\"product-name modal-link\" data-target=\"productWidget-widgetCarousel-1novinky-productModal\" onclick=\"kosikAjax.click(this)\" tabindex=\"-1\">\n                    PRAVE Rakovník Čertovské párky (cca 400g)\n                </a>\n            <p class=\"product-item-price \">\n                <span class=\"price-before-discount\">\n\t\t\t\t</span>\n                <small class=\"circa-prefix\">cca </small><strong class=\"price\">66,90 Kč</strong>\n\n            </p>\n            <p class=\"product-item-unit\">\n                    (<strong class=\"price\">167,30 Kč</strong> / kg)\n            </p>\n                        <div class=\"product-list-rating\">\n            </div>\n<div id=\"snippet-productWidget-widgetCarousel-1novinky-buy-27560-quantity\">        <div class=\"product-quantity-control\">\n            <form action=\"/\" method=\"post\" class=\"ajax\" id=\"frm-productWidget-widgetCarousel-1novinky-buy-27560-quantityForm\">\n                <input type=\"text\" name=\"quantity\" size=\"3\" id=\"frm-productWidget-widgetCarousel-1novinky-buy-27560-quantityForm-quantity\" data-nette-rules=\"[{&quot;op&quot;:&quot;:integer&quot;,&quot;msg&quot;:&quot;Množství musí být číslo.&quot;}]\" value=\"1\" tabindex=\"-1\">\n                <input type=\"submit\" name=\"_submit\" value=\"Přidat\" class=\"product-quantity-control-submit plus\" tabindex=\"-1\">\n            <input type=\"hidden\" name=\"do\" value=\"productWidget-widgetCarousel-1novinky-buy-27560-quantityForm-submit\" tabindex=\"-1\"><!--[if IE]><input type=IEbug disabled style=\"display:none\"><![endif]-->\n</form>\n\n        </div>\n</div>\n\n        </div>\n\n        \n    </div><div id=\"product-append-27494\" class=\"product-item slick-slide\" style=\"width: 253px;\" data-slick-index=\"106\" aria-hidden=\"true\" tabindex=\"-1\" role=\"option\" aria-describedby=\"slick-slide2106\">\n        <div class=\"product-item-flags\">\n        </div>\n        <div class=\"product-item-image\">\n                <a data-href=\"/?productWidget-widgetCarousel-1novinky-id=27494&amp;do=productWidget-widgetCarousel-1novinky-modal\" data-target=\"productWidget-widgetCarousel-1novinky-productModal\" onclick=\"kosikAjax.click(this)\" tabindex=\"-1\">\n                    <img src=\"https://cdn.kosik.cz/content/product/jpg/list-retina/empty.jpg\" data-src=\"https://cdn.kosik.cz/content/product/jpg/list-retina/44778.jpg\" alt=\"Vinium Velké Pavlovice Ryzlink vlašský pozdní sběr bílé suché víno 0.75l\" class=\"loading-images loading-image\">\n                </a>\n\n\n\n\n        </div>\n                <div class=\"product-item-info\">\n                <a data-href=\"/?productWidget-widgetCarousel-1novinky-id=27494&amp;do=productWidget-widgetCarousel-1novinky-modal\" class=\"product-name modal-link\" data-target=\"productWidget-widgetCarousel-1novinky-productModal\" onclick=\"kosikAjax.click(this)\" tabindex=\"-1\">\n                    Vinium Velké Pavlovice Ryzlink vlašský pozdní sběr bílé suché víno 0.75l\n                </a>\n            <p class=\"product-item-price \">\n                <span class=\"price-before-discount\">\n\t\t\t\t</span>\n<strong class=\"price\">159,90 Kč</strong>\n\n            </p>\n            <p class=\"product-item-unit\">\n                    (<strong class=\"price\">213,20 Kč</strong> / l)\n            </p>\n                        <div class=\"product-list-rating\">\n            </div>\n<div id=\"snippet-productWidget-widgetCarousel-1novinky-buy-27494-quantity\">        <div class=\"product-quantity-control\">\n            <form action=\"/\" method=\"post\" class=\"ajax\" id=\"frm-productWidget-widgetCarousel-1novinky-buy-27494-quantityForm\">\n                <input type=\"text\" name=\"quantity\" size=\"3\" id=\"frm-productWidget-widgetCarousel-1novinky-buy-27494-quantityForm-quantity\" data-nette-rules=\"[{&quot;op&quot;:&quot;:integer&quot;,&quot;msg&quot;:&quot;Množství musí být číslo.&quot;}]\" value=\"1\" tabindex=\"-1\">\n                <input type=\"submit\" name=\"_submit\" value=\"Přidat\" class=\"product-quantity-control-submit plus\" tabindex=\"-1\">\n            <input type=\"hidden\" name=\"do\" value=\"productWidget-widgetCarousel-1novinky-buy-27494-quantityForm-submit\" tabindex=\"-1\"><!--[if IE]><input type=IEbug disabled style=\"display:none\"><![endif]-->\n</form>\n\n        </div>\n</div>\n\n        </div>\n\n        \n    </div><div id=\"product-append-27434\" class=\"product-item slick-slide\" style=\"width: 253px;\" data-slick-index=\"107\" aria-hidden=\"true\" tabindex=\"-1\" role=\"option\" aria-describedby=\"slick-slide2107\">\n        <div class=\"product-item-flags\">\n        </div>\n        <div class=\"product-item-image\">\n                <a data-href=\"/?productWidget-widgetCarousel-1novinky-id=27434&amp;do=productWidget-widgetCarousel-1novinky-modal\" data-target=\"productWidget-widgetCarousel-1novinky-productModal\" onclick=\"kosikAjax.click(this)\" tabindex=\"-1\">\n                    <img src=\"https://cdn.kosik.cz/content/product/jpg/list-retina/empty.jpg\" data-src=\"https://cdn.kosik.cz/content/product/jpg/list-retina/44712.jpg\" alt=\"Viko Ovocné pyré jablko 120g\" class=\"loading-images loading-image\">\n                </a>\n\n\n\n\n        </div>\n                <div class=\"product-item-info\">\n                <a data-href=\"/?productWidget-widgetCarousel-1novinky-id=27434&amp;do=productWidget-widgetCarousel-1novinky-modal\" class=\"product-name modal-link\" data-target=\"productWidget-widgetCarousel-1novinky-productModal\" onclick=\"kosikAjax.click(this)\" tabindex=\"-1\">\n                    Viko Ovocné pyré jablko 120g\n                </a>\n            <p class=\"product-item-price \">\n                <span class=\"price-before-discount\">\n\t\t\t\t</span>\n<strong class=\"price\">12,50 Kč</strong>\n\n            </p>\n            <p class=\"product-item-unit\">\n                    (<strong class=\"price\">104,20 Kč</strong> / kg)\n            </p>\n                        <div class=\"product-list-rating\">\n            </div>\n<div id=\"snippet-productWidget-widgetCarousel-1novinky-buy-27434-quantity\">        <div class=\"product-quantity-control\">\n            <form action=\"/\" method=\"post\" class=\"ajax\" id=\"frm-productWidget-widgetCarousel-1novinky-buy-27434-quantityForm\">\n                <input type=\"text\" name=\"quantity\" size=\"3\" id=\"frm-productWidget-widgetCarousel-1novinky-buy-27434-quantityForm-quantity\" data-nette-rules=\"[{&quot;op&quot;:&quot;:integer&quot;,&quot;msg&quot;:&quot;Množství musí být číslo.&quot;}]\" value=\"1\" tabindex=\"-1\">\n                <input type=\"submit\" name=\"_submit\" value=\"Přidat\" class=\"product-quantity-control-submit plus\" tabindex=\"-1\">\n            <input type=\"hidden\" name=\"do\" value=\"productWidget-widgetCarousel-1novinky-buy-27434-quantityForm-submit\" tabindex=\"-1\"><!--[if IE]><input type=IEbug disabled style=\"display:none\"><![endif]-->\n</form>\n\n        </div>\n</div>\n\n        </div>\n\n        \n    </div><div id=\"product-append-27429\" class=\"product-item slick-slide\" style=\"width: 253px;\" data-slick-index=\"108\" aria-hidden=\"true\" tabindex=\"-1\" role=\"option\" aria-describedby=\"slick-slide2108\">\n        <div class=\"product-item-flags\">\n        </div>\n        <div class=\"product-item-image\">\n                <a data-href=\"/?productWidget-widgetCarousel-1novinky-id=27429&amp;do=productWidget-widgetCarousel-1novinky-modal\" data-target=\"productWidget-widgetCarousel-1novinky-productModal\" onclick=\"kosikAjax.click(this)\" tabindex=\"-1\">\n                    <img src=\"https://cdn.kosik.cz/content/product/jpg/list-retina/empty.jpg\" data-src=\"https://cdn.kosik.cz/content/product/jpg/list-retina/44707.jpg\" alt=\"Viko Jablečný mošt 100%  5l\" class=\"loading-images loading-image\">\n                </a>\n\n\n\n\n        </div>\n                <div class=\"product-item-info\">\n                <a data-href=\"/?productWidget-widgetCarousel-1novinky-id=27429&amp;do=productWidget-widgetCarousel-1novinky-modal\" class=\"product-name modal-link\" data-target=\"productWidget-widgetCarousel-1novinky-productModal\" onclick=\"kosikAjax.click(this)\" tabindex=\"-1\">\n                    Viko Jablečný mošt 100%  5l\n                </a>\n            <p class=\"product-item-price \">\n                <span class=\"price-before-discount\">\n\t\t\t\t</span>\n<strong class=\"price\">119,90 Kč</strong>\n\n            </p>\n            <p class=\"product-item-unit\">\n                    (<strong class=\"price\">24,00 Kč</strong> / l)\n            </p>\n                        <div class=\"product-list-rating\">\n            </div>\n<div id=\"snippet-productWidget-widgetCarousel-1novinky-buy-27429-quantity\">        <div class=\"product-quantity-control\">\n            <form action=\"/\" method=\"post\" class=\"ajax\" id=\"frm-productWidget-widgetCarousel-1novinky-buy-27429-quantityForm\">\n                <input type=\"text\" name=\"quantity\" size=\"3\" id=\"frm-productWidget-widgetCarousel-1novinky-buy-27429-quantityForm-quantity\" data-nette-rules=\"[{&quot;op&quot;:&quot;:integer&quot;,&quot;msg&quot;:&quot;Množství musí být číslo.&quot;}]\" value=\"1\" tabindex=\"-1\">\n                <input type=\"submit\" name=\"_submit\" value=\"Přidat\" class=\"product-quantity-control-submit plus\" tabindex=\"-1\">\n            <input type=\"hidden\" name=\"do\" value=\"productWidget-widgetCarousel-1novinky-buy-27429-quantityForm-submit\" tabindex=\"-1\"><!--[if IE]><input type=IEbug disabled style=\"display:none\"><![endif]-->\n</form>\n\n        </div>\n</div>\n\n        </div>\n\n        \n    </div><div id=\"product-append-27487\" class=\"product-item slick-slide\" style=\"width: 253px;\" data-slick-index=\"109\" aria-hidden=\"true\" tabindex=\"-1\" role=\"option\" aria-describedby=\"slick-slide2109\">\n        <div class=\"product-item-flags\">\n        </div>\n        <div class=\"product-item-image\">\n                <a data-href=\"/?productWidget-widgetCarousel-1novinky-id=27487&amp;do=productWidget-widgetCarousel-1novinky-modal\" data-target=\"productWidget-widgetCarousel-1novinky-productModal\" onclick=\"kosikAjax.click(this)\" tabindex=\"-1\">\n                    <img src=\"https://cdn.kosik.cz/content/product/jpg/list-retina/empty.jpg\" data-src=\"https://cdn.kosik.cz/content/product/jpg/list-retina/44771.jpg\" alt=\"Adler Šmakoun klasik  200g\" class=\"loading-images loading-image\">\n                </a>\n\n\n\n\n        </div>\n                <div class=\"product-item-info\">\n                <a data-href=\"/?productWidget-widgetCarousel-1novinky-id=27487&amp;do=productWidget-widgetCarousel-1novinky-modal\" class=\"product-name modal-link\" data-target=\"productWidget-widgetCarousel-1novinky-productModal\" onclick=\"kosikAjax.click(this)\" tabindex=\"-1\">\n                    Adler Šmakoun klasik  200g\n                </a>\n            <p class=\"product-item-price \">\n                <span class=\"price-before-discount\">\n\t\t\t\t</span>\n<strong class=\"price\">46,90 Kč</strong>\n\n            </p>\n            <p class=\"product-item-unit\">\n                    (<strong class=\"price\">234,50 Kč</strong> / kg)\n            </p>\n                        <div class=\"product-list-rating\">\n            </div>\n<div id=\"snippet-productWidget-widgetCarousel-1novinky-buy-27487-quantity\">        <div class=\"product-quantity-control\">\n            <form action=\"/\" method=\"post\" class=\"ajax\" id=\"frm-productWidget-widgetCarousel-1novinky-buy-27487-quantityForm\">\n                <input type=\"text\" name=\"quantity\" size=\"3\" id=\"frm-productWidget-widgetCarousel-1novinky-buy-27487-quantityForm-quantity\" data-nette-rules=\"[{&quot;op&quot;:&quot;:integer&quot;,&quot;msg&quot;:&quot;Množství musí být číslo.&quot;}]\" value=\"1\" tabindex=\"-1\">\n                <input type=\"submit\" name=\"_submit\" value=\"Přidat\" class=\"product-quantity-control-submit plus\" tabindex=\"-1\">\n            <input type=\"hidden\" name=\"do\" value=\"productWidget-widgetCarousel-1novinky-buy-27487-quantityForm-submit\" tabindex=\"-1\"><!--[if IE]><input type=IEbug disabled style=\"display:none\"><![endif]-->\n</form>\n\n        </div>\n</div>\n\n        </div>\n\n        \n    </div><div id=\"product-append-27500\" class=\"product-item slick-slide\" style=\"width: 253px;\" data-slick-index=\"110\" aria-hidden=\"true\" tabindex=\"-1\" role=\"option\" aria-describedby=\"slick-slide2110\">\n        <div class=\"product-item-flags\">\n        </div>\n        <div class=\"product-item-image\">\n                <a data-href=\"/?productWidget-widgetCarousel-1novinky-id=27500&amp;do=productWidget-widgetCarousel-1novinky-modal\" data-target=\"productWidget-widgetCarousel-1novinky-productModal\" onclick=\"kosikAjax.click(this)\" tabindex=\"-1\">\n                    <img src=\"https://cdn.kosik.cz/content/product/jpg/list-retina/empty.jpg\" data-src=\"https://cdn.kosik.cz/content/product/jpg/list-retina/44784.jpg\" alt=\"Vinium Velké Pavlovice Dornfelder pozdní sběr červené suché víno 0.75l\" class=\"loading-images loading-image\">\n                </a>\n\n\n\n\n        </div>\n                <div class=\"product-item-info\">\n                <a data-href=\"/?productWidget-widgetCarousel-1novinky-id=27500&amp;do=productWidget-widgetCarousel-1novinky-modal\" class=\"product-name modal-link\" data-target=\"productWidget-widgetCarousel-1novinky-productModal\" onclick=\"kosikAjax.click(this)\" tabindex=\"-1\">\n                    Vinium Velké Pavlovice Dornfelder pozdní sběr červené suché víno 0.75l\n                </a>\n            <p class=\"product-item-price \">\n                <span class=\"price-before-discount\">\n\t\t\t\t</span>\n<strong class=\"price\">159,90 Kč</strong>\n\n            </p>\n            <p class=\"product-item-unit\">\n                    (<strong class=\"price\">213,20 Kč</strong> / l)\n            </p>\n                        <div class=\"product-list-rating\">\n            </div>\n<div id=\"snippet-productWidget-widgetCarousel-1novinky-buy-27500-quantity\">        <div class=\"product-quantity-control\">\n            <form action=\"/\" method=\"post\" class=\"ajax\" id=\"frm-productWidget-widgetCarousel-1novinky-buy-27500-quantityForm\">\n                <input type=\"text\" name=\"quantity\" size=\"3\" id=\"frm-productWidget-widgetCarousel-1novinky-buy-27500-quantityForm-quantity\" data-nette-rules=\"[{&quot;op&quot;:&quot;:integer&quot;,&quot;msg&quot;:&quot;Množství musí být číslo.&quot;}]\" value=\"1\" tabindex=\"-1\">\n                <input type=\"submit\" name=\"_submit\" value=\"Přidat\" class=\"product-quantity-control-submit plus\" tabindex=\"-1\">\n            <input type=\"hidden\" name=\"do\" value=\"productWidget-widgetCarousel-1novinky-buy-27500-quantityForm-submit\" tabindex=\"-1\"><!--[if IE]><input type=IEbug disabled style=\"display:none\"><![endif]-->\n</form>\n\n        </div>\n</div>\n\n        </div>\n\n        \n    </div><div id=\"product-append-26150\" class=\"product-item slick-slide\" style=\"width: 253px;\" data-slick-index=\"111\" aria-hidden=\"true\" tabindex=\"-1\" role=\"option\" aria-describedby=\"slick-slide2111\">\n        <div class=\"product-item-flags\">\n        </div>\n        <div class=\"product-item-image\">\n                <a data-href=\"/?productWidget-widgetCarousel-1novinky-id=26150&amp;do=productWidget-widgetCarousel-1novinky-modal\" data-target=\"productWidget-widgetCarousel-1novinky-productModal\" onclick=\"kosikAjax.click(this)\" tabindex=\"-1\">\n                    <img src=\"https://cdn.kosik.cz/content/product/jpg/list-retina/empty.jpg\" data-src=\"https://cdn.kosik.cz/content/product/jpg/list-retina/43424.jpg\" alt=\"Manka řepkový olej 1l\" class=\"loading-images loading-image\">\n                </a>\n\n\n\n\n        </div>\n                <div class=\"product-item-info\">\n                <a data-href=\"/?productWidget-widgetCarousel-1novinky-id=26150&amp;do=productWidget-widgetCarousel-1novinky-modal\" class=\"product-name modal-link\" data-target=\"productWidget-widgetCarousel-1novinky-productModal\" onclick=\"kosikAjax.click(this)\" tabindex=\"-1\">\n                    Manka řepkový olej 1l\n                </a>\n            <p class=\"product-item-price \">\n                <span class=\"price-before-discount\">\n\t\t\t\t</span>\n<strong class=\"price\">44,90 Kč</strong>\n\n            </p>\n            <p class=\"product-item-unit\">\n                    (<strong class=\"price\">44,90 Kč</strong> / l)\n            </p>\n                        <div class=\"product-list-rating\">\n            </div>\n<div id=\"snippet-productWidget-widgetCarousel-1novinky-buy-26150-quantity\">        <div class=\"product-quantity-control\">\n            <form action=\"/\" method=\"post\" class=\"ajax\" id=\"frm-productWidget-widgetCarousel-1novinky-buy-26150-quantityForm\">\n                <input type=\"text\" name=\"quantity\" size=\"3\" id=\"frm-productWidget-widgetCarousel-1novinky-buy-26150-quantityForm-quantity\" data-nette-rules=\"[{&quot;op&quot;:&quot;:integer&quot;,&quot;msg&quot;:&quot;Množství musí být číslo.&quot;}]\" value=\"1\" tabindex=\"-1\">\n                <input type=\"submit\" name=\"_submit\" value=\"Přidat\" class=\"product-quantity-control-submit plus\" tabindex=\"-1\">\n            <input type=\"hidden\" name=\"do\" value=\"productWidget-widgetCarousel-1novinky-buy-26150-quantityForm-submit\" tabindex=\"-1\"><!--[if IE]><input type=IEbug disabled style=\"display:none\"><![endif]-->\n</form>\n\n        </div>\n</div>\n\n        </div>\n\n        \n    </div><div id=\"product-append-27565\" class=\"product-item slick-slide\" style=\"width: 253px;\" data-slick-index=\"112\" aria-hidden=\"true\" tabindex=\"-1\" role=\"option\" aria-describedby=\"slick-slide2112\">\n        <div class=\"product-item-flags\">\n        </div>\n        <div class=\"product-item-image\">\n                <a data-href=\"/?productWidget-widgetCarousel-1novinky-id=27565&amp;do=productWidget-widgetCarousel-1novinky-modal\" data-target=\"productWidget-widgetCarousel-1novinky-productModal\" onclick=\"kosikAjax.click(this)\" tabindex=\"-1\">\n                    <img src=\"https://cdn.kosik.cz/content/product/jpg/list-retina/empty.jpg\" data-src=\"https://cdn.kosik.cz/content/product/jpg/list-retina/44852.jpg\" alt=\"PRAVE Rakovník Klobása se zvěřinou (cca 300g)\" class=\"loading-images loading-image\">\n                </a>\n\n\n\n\n        </div>\n                <div class=\"product-item-info\">\n                <a data-href=\"/?productWidget-widgetCarousel-1novinky-id=27565&amp;do=productWidget-widgetCarousel-1novinky-modal\" class=\"product-name modal-link\" data-target=\"productWidget-widgetCarousel-1novinky-productModal\" onclick=\"kosikAjax.click(this)\" tabindex=\"-1\">\n                    PRAVE Rakovník Klobása se zvěřinou (cca 300g)\n                </a>\n            <p class=\"product-item-price \">\n                <span class=\"price-before-discount\">\n\t\t\t\t</span>\n                <small class=\"circa-prefix\">cca </small><strong class=\"price\">51,00 Kč</strong>\n\n            </p>\n            <p class=\"product-item-unit\">\n                    (<strong class=\"price\">169,90 Kč</strong> / kg)\n            </p>\n                        <div class=\"product-list-rating\">\n            </div>\n<div id=\"snippet-productWidget-widgetCarousel-1novinky-buy-27565-quantity\">        <div class=\"product-quantity-control\">\n            <form action=\"/\" method=\"post\" class=\"ajax\" id=\"frm-productWidget-widgetCarousel-1novinky-buy-27565-quantityForm\">\n                <input type=\"text\" name=\"quantity\" size=\"3\" id=\"frm-productWidget-widgetCarousel-1novinky-buy-27565-quantityForm-quantity\" data-nette-rules=\"[{&quot;op&quot;:&quot;:integer&quot;,&quot;msg&quot;:&quot;Množství musí být číslo.&quot;}]\" value=\"1\" tabindex=\"-1\">\n                <input type=\"submit\" name=\"_submit\" value=\"Přidat\" class=\"product-quantity-control-submit plus\" tabindex=\"-1\">\n            <input type=\"hidden\" name=\"do\" value=\"productWidget-widgetCarousel-1novinky-buy-27565-quantityForm-submit\" tabindex=\"-1\"><!--[if IE]><input type=IEbug disabled style=\"display:none\"><![endif]-->\n</form>\n\n        </div>\n</div>\n\n        </div>\n\n        \n    </div><div class=\"product-item slick-slide slick-cloned\" style=\"width: 253px;\" data-slick-index=\"113\" aria-hidden=\"true\" tabindex=\"-1\">\n        <div class=\"product-item-flags\">\n        </div>\n        <div class=\"product-item-image\">\n                <a data-href=\"/?productWidget-widgetCarousel-1novinky-id=27489&amp;do=productWidget-widgetCarousel-1novinky-modal\" data-target=\"productWidget-widgetCarousel-1novinky-productModal\" onclick=\"kosikAjax.click(this)\" tabindex=\"-1\">\n                    <img src=\"https://cdn.kosik.cz/content/product/jpg/list-retina/empty.jpg\" data-src=\"https://cdn.kosik.cz/content/product/jpg/list-retina/44773.jpg\" alt=\"Adler Šmakoun švestka se skořicí  200g\" class=\"loading-images loading-image\">\n                </a>\n\n\n\n\n        </div>\n                <div class=\"product-item-info\">\n                <a data-href=\"/?productWidget-widgetCarousel-1novinky-id=27489&amp;do=productWidget-widgetCarousel-1novinky-modal\" class=\"product-name modal-link\" data-target=\"productWidget-widgetCarousel-1novinky-productModal\" onclick=\"kosikAjax.click(this)\" tabindex=\"-1\">\n                    Adler Šmakoun švestka se skořicí  200g\n                </a>\n            <p class=\"product-item-price \">\n                <span class=\"price-before-discount\">\n\t\t\t\t</span>\n<strong class=\"price\">49,90 Kč</strong>\n\n            </p>\n            <p class=\"product-item-unit\">\n                    (<strong class=\"price\">249,50 Kč</strong> / kg)\n            </p>\n                        <div class=\"product-list-rating\">\n            </div>\n<div id=\"\">        <div class=\"product-quantity-control\">\n            <form action=\"/\" method=\"post\" class=\"ajax\" id=\"\">\n                <input type=\"text\" name=\"quantity\" size=\"3\" id=\"\" data-nette-rules=\"[{&quot;op&quot;:&quot;:integer&quot;,&quot;msg&quot;:&quot;Množství musí být číslo.&quot;}]\" value=\"1\" tabindex=\"-1\">\n                <input type=\"submit\" name=\"_submit\" value=\"Přidat\" class=\"product-quantity-control-submit plus\" tabindex=\"-1\">\n            <input type=\"hidden\" name=\"do\" value=\"productWidget-widgetCarousel-1novinky-buy-27489-quantityForm-submit\" tabindex=\"-1\"><!--[if IE]><input type=IEbug disabled style=\"display:none\"><![endif]-->\n</form>\n\n        </div>\n</div>\n\n        </div>\n\n        \n    </div><div class=\"product-item slick-slide slick-cloned\" style=\"width: 253px;\" data-slick-index=\"114\" aria-hidden=\"true\" tabindex=\"-1\">\n        <div class=\"product-item-flags\">\n        </div>\n        <div class=\"product-item-image\">\n                <a data-href=\"/?productWidget-widgetCarousel-1novinky-id=28939&amp;do=productWidget-widgetCarousel-1novinky-modal\" data-target=\"productWidget-widgetCarousel-1novinky-productModal\" onclick=\"kosikAjax.click(this)\" tabindex=\"-1\">\n                    <img src=\"https://cdn.kosik.cz/content/product/jpg/list-retina/empty.jpg\" data-src=\"https://cdn.kosik.cz/content/product/jpg/list-retina/46313.jpg\" alt=\"AGRO Substrát pro pokojové rostliny 5 l\" class=\"loading-images loading-image\">\n                </a>\n\n\n\n\n        </div>\n                <div class=\"product-item-info\">\n                <a data-href=\"/?productWidget-widgetCarousel-1novinky-id=28939&amp;do=productWidget-widgetCarousel-1novinky-modal\" class=\"product-name modal-link\" data-target=\"productWidget-widgetCarousel-1novinky-productModal\" onclick=\"kosikAjax.click(this)\" tabindex=\"-1\">\n                    AGRO Substrát pro pokojové rostliny 5 l\n                </a>\n            <p class=\"product-item-price \">\n                <span class=\"price-before-discount\">\n\t\t\t\t</span>\n<strong class=\"price\">29,90 Kč</strong>\n\n            </p>\n            <p class=\"product-item-unit\">\n                    (<strong class=\"price\">6,00 Kč</strong> / l)\n            </p>\n                        <div class=\"product-list-rating\">\n            </div>\n<div id=\"\">        <div class=\"product-quantity-control\">\n            <form action=\"/\" method=\"post\" class=\"ajax\" id=\"\">\n                <input type=\"text\" name=\"quantity\" size=\"3\" id=\"\" data-nette-rules=\"[{&quot;op&quot;:&quot;:integer&quot;,&quot;msg&quot;:&quot;Množství musí být číslo.&quot;}]\" value=\"1\" tabindex=\"-1\">\n                <input type=\"submit\" name=\"_submit\" value=\"Přidat\" class=\"product-quantity-control-submit plus\" tabindex=\"-1\">\n            <input type=\"hidden\" name=\"do\" value=\"productWidget-widgetCarousel-1novinky-buy-28939-quantityForm-submit\" tabindex=\"-1\"><!--[if IE]><input type=IEbug disabled style=\"display:none\"><![endif]-->\n</form>\n\n        </div>\n</div>\n\n        </div>\n\n        \n    </div><div class=\"product-item slick-slide slick-cloned\" style=\"width: 253px;\" data-slick-index=\"115\" aria-hidden=\"true\" tabindex=\"-1\">\n        <div class=\"product-item-flags\">\n        </div>\n        <div class=\"product-item-image\">\n                <a data-href=\"/?productWidget-widgetCarousel-1novinky-id=25820&amp;do=productWidget-widgetCarousel-1novinky-modal\" data-target=\"productWidget-widgetCarousel-1novinky-productModal\" onclick=\"kosikAjax.click(this)\" tabindex=\"-1\">\n                    <img src=\"https://cdn.kosik.cz/content/product/jpg/list-retina/empty.jpg\" data-src=\"https://cdn.kosik.cz/content/product/jpg/list-retina/43101.jpg\" alt=\"Titbit Cous-cous s grilovaným kuřetem a zeleninou 250g\" class=\"loading-images loading-image\">\n                </a>\n\n\n\n\n        </div>\n                <div class=\"product-item-info\">\n                <a data-href=\"/?productWidget-widgetCarousel-1novinky-id=25820&amp;do=productWidget-widgetCarousel-1novinky-modal\" class=\"product-name modal-link\" data-target=\"productWidget-widgetCarousel-1novinky-productModal\" onclick=\"kosikAjax.click(this)\" tabindex=\"-1\">\n                    Titbit Cous-cous s grilovaným kuřetem a zeleninou 250g\n                </a>\n            <p class=\"product-item-price \">\n                <span class=\"price-before-discount\">\n\t\t\t\t</span>\n<strong class=\"price\">59,90 Kč</strong>\n\n            </p>\n            <p class=\"product-item-unit\">\n                    (<strong class=\"price\">239,60 Kč</strong> / kg)\n            </p>\n                        <div class=\"product-list-rating\">\n            </div>\n<div id=\"\">        <div class=\"product-quantity-control\">\n            <form action=\"/\" method=\"post\" class=\"ajax\" id=\"\">\n                <input type=\"text\" name=\"quantity\" size=\"3\" id=\"\" data-nette-rules=\"[{&quot;op&quot;:&quot;:integer&quot;,&quot;msg&quot;:&quot;Množství musí být číslo.&quot;}]\" value=\"1\" tabindex=\"-1\">\n                <input type=\"submit\" name=\"_submit\" value=\"Přidat\" class=\"product-quantity-control-submit plus\" tabindex=\"-1\">\n            <input type=\"hidden\" name=\"do\" value=\"productWidget-widgetCarousel-1novinky-buy-25820-quantityForm-submit\" tabindex=\"-1\"><!--[if IE]><input type=IEbug disabled style=\"display:none\"><![endif]-->\n</form>\n\n        </div>\n</div>\n\n        </div>\n\n        \n    </div></div></div><button type=\"button\" data-role=\"none\" class=\"slick-next slick-arrow\" aria-label=\"Next\" role=\"button\" style=\"display: block;\">Next</button></div>\n\n\n\n\n\n\t\t\t</div>\n\t\t</div>\n\n\n\n\t\t\t<div class=\"full-width-illusion\">\n\n\t\t\t\t<div class=\"region region-third region-sets-recipe-recension\">\n\t\t\t\t\t<div class=\"region-inner\">\n\n\t\t\t\t\t\t<div class=\"block block-sets\">\n\t\t\t\t\t\t\t<div class=\"title\">Připravené nákupy</div>\n\n\t\t\t\t\t\t\t<a class=\"carousel-show-all\" href=\"/pripravene-nakupy\">Zobrazit vše</a>\n\t\t\t\t\t\t\t<div class=\"sets-recipe-blog-carousel-wrapper slick-initialized slick-slider slick-dotted\" role=\"toolbar\"><button type=\"button\" data-role=\"none\" class=\"slick-prev slick-arrow\" aria-label=\"Previous\" role=\"button\" style=\"display: inline-block;\">Previous</button>\n\t\t\t\t\t\t\t\t<div aria-live=\"polite\" class=\"slick-list draggable\"><div class=\"slick-track\" style=\"opacity: 1; width: 1446px; transform: translate3d(-241px, 0px, 0px);\" role=\"listbox\"><div class=\"content slick-slide slick-cloned\" data-slick-index=\"-1\" aria-hidden=\"true\" style=\"width: 241px;\" tabindex=\"-1\">\n\t\t\t\t\t\t\t\t\t<img src=\"/css/images/tmp/hp/productset-4.png\" alt=\"\"> <!-- size 400x215px -->\n\t\t\t\t\t\t\t\t\t<div class=\"iris iris-black\">\n\t\t\t\t\t\t\t\t\t\t\t\t\t\t\t\t\t\t\t\t<h4>Dietní balíček</h4>\n\t\t\t\t\t\t\t\t\t\t<p class=\"text-cut\">Hubnití si lze užít, stačí správně nakoupit.</p>\n\t\t\t\t\t\t\t\t\t\t<a href=\"https://www.kosik.cz/pripravene-nakupy/6642\" class=\"button-simple button-red\" tabindex=\"-1\">Nakoupit</a>\n\t\t\t\t\t\t\t\t\t</div>\n\t\t\t\t\t\t\t\t</div><div class=\"content slick-slide slick-current slick-active\" data-slick-index=\"0\" aria-hidden=\"false\" style=\"width: 241px;\" tabindex=\"-1\" role=\"option\" aria-describedby=\"slick-slide60\">\n\t\t\t\t\t\t\t\t\t<img src=\"/css/images/tmp/hp/productset-1.png\" alt=\"\"> <!-- size 400x215px -->\n\t\t\t\t\t\t\t\t\t<div class=\"iris iris-black\">\n\t\t\t\t\t\t\t\t\t\t\t\t\t\t\t\t\t\t\t\t<h4>Gurmánský výběr</h4>\n\t\t\t\t\t\t\t\t\t\t<p class=\"text-cut\">Vyzkoušejte z čeho vaří největší labužníci.</p>\n\t\t\t\t\t\t\t\t\t\t<a href=\"https://www.kosik.cz/pripravene-nakupy/28660\" class=\"button-simple button-red\" tabindex=\"0\">Nakoupit</a>\n\t\t\t\t\t\t\t\t\t</div>\n\t\t\t\t\t\t\t\t</div><div class=\"content slick-slide\" data-slick-index=\"1\" aria-hidden=\"true\" style=\"width: 241px;\" tabindex=\"-1\" role=\"option\" aria-describedby=\"slick-slide61\">\n\t\t\t\t\t\t\t\t\t<img src=\"/css/images/tmp/hp/productset-2.png\" alt=\"\"> <!-- size 400x215px -->\n\t\t\t\t\t\t\t\t\t<div class=\"iris iris-black\">\n\t\t\t\t\t\t\t\t\t\t\t\t\t\t\t\t\t\t\t\t<h4>Veganské hody</h4>\n\t\t\t\t\t\t\t\t\t\t<p class=\"text-cut\">Pochutnejte si v souladu s přirodou.</p>\n\t\t\t\t\t\t\t\t\t\t<a href=\"https://www.kosik.cz/pripravene-nakupy/19150\" class=\"button-simple button-red\" tabindex=\"-1\">Nakoupit</a>\n\t\t\t\t\t\t\t\t\t</div>\n\t\t\t\t\t\t\t\t</div><div class=\"content slick-slide\" data-slick-index=\"2\" aria-hidden=\"true\" style=\"width: 241px;\" tabindex=\"-1\" role=\"option\" aria-describedby=\"slick-slide62\">\n\t\t\t\t\t\t\t\t\t<img src=\"/css/images/tmp/hp/productset-3.png\" alt=\"\"> <!-- size 400x215px -->\n\t\t\t\t\t\t\t\t\t<div class=\"iris iris-black\">\n\t\t\t\t\t\t\t\t\t\t\t\t\t\t\t\t\t\t\t\t<h4>Plody itálie</h4>\n\t\t\t\t\t\t\t\t\t\t<p class=\"text-cut\">Objevte tajemství italských kuchařů.</p>\n\t\t\t\t\t\t\t\t\t\t<a href=\"https://www.kosik.cz/pripravene-nakupy/35624\" class=\"button-simple button-red\" tabindex=\"-1\">Nakoupit</a>\n\t\t\t\t\t\t\t\t\t</div>\n\t\t\t\t\t\t\t\t</div><div class=\"content slick-slide\" data-slick-index=\"3\" aria-hidden=\"true\" style=\"width: 241px;\" tabindex=\"-1\" role=\"option\" aria-describedby=\"slick-slide63\">\n\t\t\t\t\t\t\t\t\t<img src=\"/css/images/tmp/hp/productset-4.png\" alt=\"\"> <!-- size 400x215px -->\n\t\t\t\t\t\t\t\t\t<div class=\"iris iris-black\">\n\t\t\t\t\t\t\t\t\t\t\t\t\t\t\t\t\t\t\t\t<h4>Dietní balíček</h4>\n\t\t\t\t\t\t\t\t\t\t<p class=\"text-cut\">Hubnití si lze užít, stačí správně nakoupit.</p>\n\t\t\t\t\t\t\t\t\t\t<a href=\"https://www.kosik.cz/pripravene-nakupy/6642\" class=\"button-simple button-red\" tabindex=\"-1\">Nakoupit</a>\n\t\t\t\t\t\t\t\t\t</div>\n\t\t\t\t\t\t\t\t</div><div class=\"content slick-slide slick-cloned\" data-slick-index=\"4\" aria-hidden=\"true\" style=\"width: 241px;\" tabindex=\"-1\">\n\t\t\t\t\t\t\t\t\t<img src=\"/css/images/tmp/hp/productset-1.png\" alt=\"\"> <!-- size 400x215px -->\n\t\t\t\t\t\t\t\t\t<div class=\"iris iris-black\">\n\t\t\t\t\t\t\t\t\t\t\t\t\t\t\t\t\t\t\t\t<h4>Gurmánský výběr</h4>\n\t\t\t\t\t\t\t\t\t\t<p class=\"text-cut\">Vyzkoušejte z čeho vaří největší labužníci.</p>\n\t\t\t\t\t\t\t\t\t\t<a href=\"https://www.kosik.cz/pripravene-nakupy/28660\" class=\"button-simple button-red\" tabindex=\"-1\">Nakoupit</a>\n\t\t\t\t\t\t\t\t\t</div>\n\t\t\t\t\t\t\t\t</div></div></div>\n\t\t\t\t\t\t\t\t\n\t\t\t\t\t\t\t\t\n\t\t\t\t\t\t\t\t\n\t\t\t\t\t\t\t<button type=\"button\" data-role=\"none\" class=\"slick-next slick-arrow\" aria-label=\"Next\" role=\"button\" style=\"display: inline-block;\">Next</button><ul class=\"slick-dots slick-dots-hp\" style=\"display: block;\" role=\"tablist\"><li class=\"slick-active\" aria-hidden=\"false\" role=\"presentation\" aria-selected=\"true\" aria-controls=\"navigation60\" id=\"slick-slide60\"><button type=\"button\" data-role=\"none\" role=\"button\" tabindex=\"0\">1</button></li><li aria-hidden=\"true\" role=\"presentation\" aria-selected=\"false\" aria-controls=\"navigation61\" id=\"slick-slide61\"><button type=\"button\" data-role=\"none\" role=\"button\" tabindex=\"0\">2</button></li><li aria-hidden=\"true\" role=\"presentation\" aria-selected=\"false\" aria-controls=\"navigation62\" id=\"slick-slide62\"><button type=\"button\" data-role=\"none\" role=\"button\" tabindex=\"0\">3</button></li><li aria-hidden=\"true\" role=\"presentation\" aria-selected=\"false\" aria-controls=\"navigation63\" id=\"slick-slide63\"><button type=\"button\" data-role=\"none\" role=\"button\" tabindex=\"0\">4</button></li></ul></div>\n\n\t\t\t\t\t\t</div>\n\n\n\t\t\t\t\t\t<div class=\"block block-recipe\">\n\t\t\t\t\t\t\t<div class=\"title\">Recepty</div>\n\t\t\t\t\t\t\t<a class=\"carousel-show-all\" href=\"/recepty\">Zobrazit vše</a>\n\t\t\t\t\t\t\t<div class=\"sets-recipe-blog-carousel-wrapper slick-initialized slick-slider slick-dotted\" role=\"toolbar\"><button type=\"button\" data-role=\"none\" class=\"slick-prev slick-arrow\" aria-label=\"Previous\" role=\"button\" style=\"display: inline-block;\">Previous</button>\n\t\t\t\t\t\t\t\t<div aria-live=\"polite\" class=\"slick-list draggable\"><div class=\"slick-track\" style=\"opacity: 1; width: 1446px; transform: translate3d(-241px, 0px, 0px);\" role=\"listbox\"><div class=\"content slick-slide slick-cloned\" data-slick-index=\"-1\" aria-hidden=\"true\" style=\"width: 241px;\" tabindex=\"-1\">\n\t\t\t\t\t\t\t\t\t<img src=\"/css/images/tmp/hp/recept-4.png\" alt=\"\">\n\t\t\t\t\t\t\t\t\t<div class=\"iris iris-black\">\n\t\t\t\t\t\t\t\t\t\t<h4>Salátek</h4>\n\t\t\t\t\t\t\t\t\t\t<p class=\"text-cut\">Smíchejte rukolu s kozím sýrem.</p>\n\t\t\t\t\t\t\t\t\t\t<div class=\"stars-inline\">\n\t\t\t\t\t\t\t\t\t\t\t<ul>\n\t\t\t\t\t\t\t\t\t\t\t\t<li>\n\t\t\t\t\t\t\t\t\t\t\t\t\t<i class=\"fa fa-star\"></i>\n\t\t\t\t\t\t\t\t\t\t\t\t</li>\n\t\t\t\t\t\t\t\t\t\t\t\t<li>\n\t\t\t\t\t\t\t\t\t\t\t\t\t<i class=\"fa fa-star\"></i>\n\t\t\t\t\t\t\t\t\t\t\t\t</li>\n\t\t\t\t\t\t\t\t\t\t\t\t<li>\n\t\t\t\t\t\t\t\t\t\t\t\t\t<i class=\"fa fa-star\"></i>\n\t\t\t\t\t\t\t\t\t\t\t\t</li>\n\t\t\t\t\t\t\t\t\t\t\t\t<li>\n\t\t\t\t\t\t\t\t\t\t\t\t\t<i class=\"fa fa-star\"></i>\n\t\t\t\t\t\t\t\t\t\t\t\t</li>\n\t\t\t\t\t\t\t\t\t\t\t\t<li>\n\t\t\t\t\t\t\t\t\t\t\t\t\t<i class=\"fa fa-star\"></i>\n\t\t\t\t\t\t\t\t\t\t\t\t</li>\n\n\t\t\t\t\t\t\t\t\t\t\t</ul>\n\t\t\t\t\t\t\t\t\t\t</div>\n\t\t\t\t\t\t\t\t\t\t<a href=\"https://www.kosik.cz/recept/148\" class=\"button-simple button-red\" tabindex=\"-1\">Recept</a>\n\t\t\t\t\t\t\t\t\t</div>\n\t\t\t\t\t\t\t\t</div><div class=\"content slick-slide slick-current slick-active\" data-slick-index=\"0\" aria-hidden=\"false\" style=\"width: 241px;\" tabindex=\"-1\" role=\"option\" aria-describedby=\"slick-slide70\">\n\t\t\t\t\t\t\t\t\t<img src=\"/css/images/tmp/hp/recept-1.png\" alt=\"\">\n\t\t\t\t\t\t\t\t\t<div class=\"iris iris-black\">\n\t\t\t\t\t\t\t\t\t\t<h4>Kuřátko</h4>\n\t\t\t\t\t\t\t\t\t\t<p class=\"text-cut\">Pekli jste někdy špalíčky na víně?</p>\n\t\t\t\t\t\t\t\t\t\t<div class=\"stars-inline\">\n\t\t\t\t\t\t\t\t\t\t\t<ul>\n\t\t\t\t\t\t\t\t\t\t\t\t<li>\n\t\t\t\t\t\t\t\t\t\t\t\t\t<i class=\"fa fa-star\"></i>\n\t\t\t\t\t\t\t\t\t\t\t\t</li>\n\t\t\t\t\t\t\t\t\t\t\t\t<li>\n\t\t\t\t\t\t\t\t\t\t\t\t\t<i class=\"fa fa-star\"></i>\n\t\t\t\t\t\t\t\t\t\t\t\t</li>\n\t\t\t\t\t\t\t\t\t\t\t\t<li>\n\t\t\t\t\t\t\t\t\t\t\t\t\t<i class=\"fa fa-star\"></i>\n\t\t\t\t\t\t\t\t\t\t\t\t</li>\n\t\t\t\t\t\t\t\t\t\t\t\t<li>\n\t\t\t\t\t\t\t\t\t\t\t\t\t<i class=\"fa fa-star\"></i>\n\t\t\t\t\t\t\t\t\t\t\t\t</li>\n\t\t\t\t\t\t\t\t\t\t\t\t<li>\n\t\t\t\t\t\t\t\t\t\t\t\t\t<i class=\"fa fa-star\"></i>\n\t\t\t\t\t\t\t\t\t\t\t\t</li>\n\n\t\t\t\t\t\t\t\t\t\t\t</ul>\n\t\t\t\t\t\t\t\t\t\t</div>\n\t\t\t\t\t\t\t\t\t\t<a href=\"https://www.kosik.cz/recept/157\" class=\"button-simple button-red\" tabindex=\"0\">Recept</a>\n\t\t\t\t\t\t\t\t\t</div>\n\t\t\t\t\t\t\t\t</div><div class=\"content slick-slide\" data-slick-index=\"1\" aria-hidden=\"true\" style=\"width: 241px;\" tabindex=\"-1\" role=\"option\" aria-describedby=\"slick-slide71\">\n\t\t\t\t\t\t\t\t\t<img src=\"/css/images/tmp/hp/recept-2.png\" alt=\"\">\n\t\t\t\t\t\t\t\t\t<div class=\"iris iris-black\">\n\t\t\t\t\t\t\t\t\t\t<h4>Asijská polévka</h4>\n\t\t\t\t\t\t\t\t\t\t<p class=\"text-cut\">Jak na hovězí vývar po vietnamsku?</p>\n\t\t\t\t\t\t\t\t\t\t<div class=\"stars-inline\">\n\t\t\t\t\t\t\t\t\t\t\t<ul>\n\t\t\t\t\t\t\t\t\t\t\t\t<li>\n\t\t\t\t\t\t\t\t\t\t\t\t\t<i class=\"fa fa-star\"></i>\n\t\t\t\t\t\t\t\t\t\t\t\t</li>\n\t\t\t\t\t\t\t\t\t\t\t\t<li>\n\t\t\t\t\t\t\t\t\t\t\t\t\t<i class=\"fa fa-star\"></i>\n\t\t\t\t\t\t\t\t\t\t\t\t</li>\n\t\t\t\t\t\t\t\t\t\t\t\t<li>\n\t\t\t\t\t\t\t\t\t\t\t\t\t<i class=\"fa fa-star\"></i>\n\t\t\t\t\t\t\t\t\t\t\t\t</li>\n\t\t\t\t\t\t\t\t\t\t\t\t<li>\n\t\t\t\t\t\t\t\t\t\t\t\t\t<i class=\"fa fa-star\"></i>\n\t\t\t\t\t\t\t\t\t\t\t\t</li>\n\t\t\t\t\t\t\t\t\t\t\t\t<li>\n\t\t\t\t\t\t\t\t\t\t\t\t\t<i class=\"fa fa-star\"></i>\n\t\t\t\t\t\t\t\t\t\t\t\t</li>\n\n\t\t\t\t\t\t\t\t\t\t\t</ul>\n\t\t\t\t\t\t\t\t\t\t</div>\n\t\t\t\t\t\t\t\t\t\t<a href=\"https://www.kosik.cz/recept/158\" class=\"button-simple button-red\" tabindex=\"-1\">Recept</a>\n\t\t\t\t\t\t\t\t\t</div>\n\t\t\t\t\t\t\t\t</div><div class=\"content slick-slide\" data-slick-index=\"2\" aria-hidden=\"true\" style=\"width: 241px;\" tabindex=\"-1\" role=\"option\" aria-describedby=\"slick-slide72\">\n\t\t\t\t\t\t\t\t\t<img src=\"/css/images/tmp/hp/recept-3.png\" alt=\"\">\n\t\t\t\t\t\t\t\t\t<div class=\"iris iris-black\">\n\t\t\t\t\t\t\t\t\t\t<h4>Vinné rizoto</h4>\n\t\t\t\t\t\t\t\t\t\t<p class=\"text-cut\">Ozvláštněte rýží červeným vínem.</p>\n\t\t\t\t\t\t\t\t\t\t<div class=\"stars-inline\">\n\t\t\t\t\t\t\t\t\t\t\t<ul>\n\t\t\t\t\t\t\t\t\t\t\t\t<li>\n\t\t\t\t\t\t\t\t\t\t\t\t\t<i class=\"fa fa-star\"></i>\n\t\t\t\t\t\t\t\t\t\t\t\t</li>\n\t\t\t\t\t\t\t\t\t\t\t\t<li>\n\t\t\t\t\t\t\t\t\t\t\t\t\t<i class=\"fa fa-star\"></i>\n\t\t\t\t\t\t\t\t\t\t\t\t</li>\n\t\t\t\t\t\t\t\t\t\t\t\t<li>\n\t\t\t\t\t\t\t\t\t\t\t\t\t<i class=\"fa fa-star\"></i>\n\t\t\t\t\t\t\t\t\t\t\t\t</li>\n\t\t\t\t\t\t\t\t\t\t\t\t<li>\n\t\t\t\t\t\t\t\t\t\t\t\t\t<i class=\"fa fa-star\"></i>\n\t\t\t\t\t\t\t\t\t\t\t\t</li>\n\t\t\t\t\t\t\t\t\t\t\t\t<li>\n\t\t\t\t\t\t\t\t\t\t\t\t\t<i class=\"fa fa-star\"></i>\n\t\t\t\t\t\t\t\t\t\t\t\t</li>\n\n\t\t\t\t\t\t\t\t\t\t\t</ul>\n\t\t\t\t\t\t\t\t\t\t</div>\n\t\t\t\t\t\t\t\t\t\t<a href=\"https://www.kosik.cz/recept/153\" class=\"button-simple button-red\" tabindex=\"-1\">Recept</a>\n\t\t\t\t\t\t\t\t\t</div>\n\t\t\t\t\t\t\t\t</div><div class=\"content slick-slide\" data-slick-index=\"3\" aria-hidden=\"true\" style=\"width: 241px;\" tabindex=\"-1\" role=\"option\" aria-describedby=\"slick-slide73\">\n\t\t\t\t\t\t\t\t\t<img src=\"/css/images/tmp/hp/recept-4.png\" alt=\"\">\n\t\t\t\t\t\t\t\t\t<div class=\"iris iris-black\">\n\t\t\t\t\t\t\t\t\t\t<h4>Salátek</h4>\n\t\t\t\t\t\t\t\t\t\t<p class=\"text-cut\">Smíchejte rukolu s kozím sýrem.</p>\n\t\t\t\t\t\t\t\t\t\t<div class=\"stars-inline\">\n\t\t\t\t\t\t\t\t\t\t\t<ul>\n\t\t\t\t\t\t\t\t\t\t\t\t<li>\n\t\t\t\t\t\t\t\t\t\t\t\t\t<i class=\"fa fa-star\"></i>\n\t\t\t\t\t\t\t\t\t\t\t\t</li>\n\t\t\t\t\t\t\t\t\t\t\t\t<li>\n\t\t\t\t\t\t\t\t\t\t\t\t\t<i class=\"fa fa-star\"></i>\n\t\t\t\t\t\t\t\t\t\t\t\t</li>\n\t\t\t\t\t\t\t\t\t\t\t\t<li>\n\t\t\t\t\t\t\t\t\t\t\t\t\t<i class=\"fa fa-star\"></i>\n\t\t\t\t\t\t\t\t\t\t\t\t</li>\n\t\t\t\t\t\t\t\t\t\t\t\t<li>\n\t\t\t\t\t\t\t\t\t\t\t\t\t<i class=\"fa fa-star\"></i>\n\t\t\t\t\t\t\t\t\t\t\t\t</li>\n\t\t\t\t\t\t\t\t\t\t\t\t<li>\n\t\t\t\t\t\t\t\t\t\t\t\t\t<i class=\"fa fa-star\"></i>\n\t\t\t\t\t\t\t\t\t\t\t\t</li>\n\n\t\t\t\t\t\t\t\t\t\t\t</ul>\n\t\t\t\t\t\t\t\t\t\t</div>\n\t\t\t\t\t\t\t\t\t\t<a href=\"https://www.kosik.cz/recept/148\" class=\"button-simple button-red\" tabindex=\"-1\">Recept</a>\n\t\t\t\t\t\t\t\t\t</div>\n\t\t\t\t\t\t\t\t</div><div class=\"content slick-slide slick-cloned\" data-slick-index=\"4\" aria-hidden=\"true\" style=\"width: 241px;\" tabindex=\"-1\">\n\t\t\t\t\t\t\t\t\t<img src=\"/css/images/tmp/hp/recept-1.png\" alt=\"\">\n\t\t\t\t\t\t\t\t\t<div class=\"iris iris-black\">\n\t\t\t\t\t\t\t\t\t\t<h4>Kuřátko</h4>\n\t\t\t\t\t\t\t\t\t\t<p class=\"text-cut\">Pekli jste někdy špalíčky na víně?</p>\n\t\t\t\t\t\t\t\t\t\t<div class=\"stars-inline\">\n\t\t\t\t\t\t\t\t\t\t\t<ul>\n\t\t\t\t\t\t\t\t\t\t\t\t<li>\n\t\t\t\t\t\t\t\t\t\t\t\t\t<i class=\"fa fa-star\"></i>\n\t\t\t\t\t\t\t\t\t\t\t\t</li>\n\t\t\t\t\t\t\t\t\t\t\t\t<li>\n\t\t\t\t\t\t\t\t\t\t\t\t\t<i class=\"fa fa-star\"></i>\n\t\t\t\t\t\t\t\t\t\t\t\t</li>\n\t\t\t\t\t\t\t\t\t\t\t\t<li>\n\t\t\t\t\t\t\t\t\t\t\t\t\t<i class=\"fa fa-star\"></i>\n\t\t\t\t\t\t\t\t\t\t\t\t</li>\n\t\t\t\t\t\t\t\t\t\t\t\t<li>\n\t\t\t\t\t\t\t\t\t\t\t\t\t<i class=\"fa fa-star\"></i>\n\t\t\t\t\t\t\t\t\t\t\t\t</li>\n\t\t\t\t\t\t\t\t\t\t\t\t<li>\n\t\t\t\t\t\t\t\t\t\t\t\t\t<i class=\"fa fa-star\"></i>\n\t\t\t\t\t\t\t\t\t\t\t\t</li>\n\n\t\t\t\t\t\t\t\t\t\t\t</ul>\n\t\t\t\t\t\t\t\t\t\t</div>\n\t\t\t\t\t\t\t\t\t\t<a href=\"https://www.kosik.cz/recept/157\" class=\"button-simple button-red\" tabindex=\"-1\">Recept</a>\n\t\t\t\t\t\t\t\t\t</div>\n\t\t\t\t\t\t\t\t</div></div></div>\n\t\t\t\t\t\t\t\t\n\t\t\t\t\t\t\t\t\n\t\t\t\t\t\t\t\t\n\n\t\t\t\t\t\t\t<button type=\"button\" data-role=\"none\" class=\"slick-next slick-arrow\" aria-label=\"Next\" role=\"button\" style=\"display: inline-block;\">Next</button><ul class=\"slick-dots slick-dots-hp\" style=\"display: block;\" role=\"tablist\"><li class=\"slick-active\" aria-hidden=\"false\" role=\"presentation\" aria-selected=\"true\" aria-controls=\"navigation70\" id=\"slick-slide70\"><button type=\"button\" data-role=\"none\" role=\"button\" tabindex=\"0\">1</button></li><li aria-hidden=\"true\" role=\"presentation\" aria-selected=\"false\" aria-controls=\"navigation71\" id=\"slick-slide71\"><button type=\"button\" data-role=\"none\" role=\"button\" tabindex=\"0\">2</button></li><li aria-hidden=\"true\" role=\"presentation\" aria-selected=\"false\" aria-controls=\"navigation72\" id=\"slick-slide72\"><button type=\"button\" data-role=\"none\" role=\"button\" tabindex=\"0\">3</button></li><li aria-hidden=\"true\" role=\"presentation\" aria-selected=\"false\" aria-controls=\"navigation73\" id=\"slick-slide73\"><button type=\"button\" data-role=\"none\" role=\"button\" tabindex=\"0\">4</button></li></ul></div>\n\t\t\t\t\t\t</div>\n\t\t\t\t\t\t\t\t\t\t\t\t<div class=\"block block-recension\">\n\t\t\t\t\t\t\t<div class=\"title\">Košík bloguje</div>\n\t\t\t\t\t\t\t<a class=\"carousel-show-all\" href=\"https://blog.kosik.cz/\">Zobrazit vše</a>\n\n\t\t\t\t\t\t\t<div class=\"sets-recipe-blog-carousel-wrapper slick-initialized slick-slider slick-dotted\" role=\"toolbar\"><button type=\"button\" data-role=\"none\" class=\"slick-prev slick-arrow\" aria-label=\"Previous\" role=\"button\" style=\"display: inline-block;\">Previous</button>\n\t\t\t\t\t\t\t\t<div aria-live=\"polite\" class=\"slick-list draggable\"><div class=\"slick-track\" style=\"opacity: 1; width: 1446px; transform: translate3d(-241px, 0px, 0px);\" role=\"listbox\"><div class=\"content slick-slide slick-cloned\" data-slick-index=\"-1\" aria-hidden=\"true\" style=\"width: 241px;\" tabindex=\"-1\">\n\t\t\t\t\t\t\t\t\t<img src=\"/css/images/tmp/hp/blog-4.png\" alt=\"\">\n\t\t\t\t\t\t\t\t\t<div class=\"iris iris-black\">\n\t\t\t\t\t\t\t\t\t\t<h4>Dobroty z koše</h4>\n\t\t\t\t\t\t\t\t\t\t<p class=\"text-cut\">Jak využít zbytky, které vyhazujeme?</p>\n\t\t\t\t\t\t\t\t\t\t<a href=\"https://blog.kosik.cz/to-nejlepsi-piti-do-horkych-dnukosik-vi-jak-na-to/\" class=\"button-simple button-red\" tabindex=\"-1\">Článek</a>\n\t\t\t\t\t\t\t\t\t</div>\n\t\t\t\t\t\t\t\t</div><div class=\"content slick-slide slick-current slick-active\" data-slick-index=\"0\" aria-hidden=\"false\" style=\"width: 241px;\" tabindex=\"-1\" role=\"option\" aria-describedby=\"slick-slide80\">\n\t\t\t\t\t\t\t\t\t<img src=\"/css/images/tmp/hp/blog-1.png\" alt=\"\">\n\t\t\t\t\t\t\t\t\t<div class=\"iris iris-black\">\n\t\t\t\t\t\t\t\t\t\t<h4>Barvy přírody</h4>\n\t\t\t\t\t\t\t\t\t\t<p class=\"text-cut\">Pestré Velikonoce snadno a rychle.</p>\n\t\t\t\t\t\t\t\t\t\t<a href=\"https://blog.kosik.cz/velikonoce-v-barvach-prirody/\" class=\"button-simple button-red\" tabindex=\"0\">Článek</a>\n\t\t\t\t\t\t\t\t\t</div>\n\t\t\t\t\t\t\t\t</div><div class=\"content slick-slide\" data-slick-index=\"1\" aria-hidden=\"true\" style=\"width: 241px;\" tabindex=\"-1\" role=\"option\" aria-describedby=\"slick-slide81\">\n\t\t\t\t\t\t\t\t\t<img src=\"/css/images/tmp/hp/blog-2.png\" alt=\"\">\n\t\t\t\t\t\t\t\t\t<div class=\"iris iris-black\">\n\t\t\t\t\t\t\t\t\t\t<h4>Vinařský speciál</h4>\n\t\t\t\t\t\t\t\t\t\t<p class=\"text-cut\">Co jsme přichystali milovníkům vína?</p>\n\t\t\t\t\t\t\t\t\t\t<a href=\"https://blog.kosik.cz/vinny-special-na-kosiku-prave-zacal/\" class=\"button-simple button-red\" tabindex=\"-1\">Článek</a>\n\t\t\t\t\t\t\t\t\t</div>\n\t\t\t\t\t\t\t\t</div><div class=\"content slick-slide\" data-slick-index=\"2\" aria-hidden=\"true\" style=\"width: 241px;\" tabindex=\"-1\" role=\"option\" aria-describedby=\"slick-slide82\">\n\t\t\t\t\t\t\t\t\t<img src=\"/css/images/tmp/hp/blog-3.png\" alt=\"\">\n\t\t\t\t\t\t\t\t\t<div class=\"iris iris-black\">\n\t\t\t\t\t\t\t\t\t\t<h4>První krůčky zahradou</h4>\n\t\t\t\t\t\t\t\t\t\t<p class=\"text-cut\">S čím může začít zahradnický laik?</p>\n\t\t\t\t\t\t\t\t\t\t<a href=\"https://blog.kosik.cz/nastal-cas-se-pustit-do-zahradniceni/\" class=\"button-simple button-red\" tabindex=\"-1\">Článek</a>\n\t\t\t\t\t\t\t\t\t</div>\n\t\t\t\t\t\t\t\t</div><div class=\"content slick-slide\" data-slick-index=\"3\" aria-hidden=\"true\" style=\"width: 241px;\" tabindex=\"-1\" role=\"option\" aria-describedby=\"slick-slide83\">\n\t\t\t\t\t\t\t\t\t<img src=\"/css/images/tmp/hp/blog-4.png\" alt=\"\">\n\t\t\t\t\t\t\t\t\t<div class=\"iris iris-black\">\n\t\t\t\t\t\t\t\t\t\t<h4>Dobroty z koše</h4>\n\t\t\t\t\t\t\t\t\t\t<p class=\"text-cut\">Jak využít zbytky, které vyhazujeme?</p>\n\t\t\t\t\t\t\t\t\t\t<a href=\"https://blog.kosik.cz/to-nejlepsi-piti-do-horkych-dnukosik-vi-jak-na-to/\" class=\"button-simple button-red\" tabindex=\"-1\">Článek</a>\n\t\t\t\t\t\t\t\t\t</div>\n\t\t\t\t\t\t\t\t</div><div class=\"content slick-slide slick-cloned\" data-slick-index=\"4\" aria-hidden=\"true\" style=\"width: 241px;\" tabindex=\"-1\">\n\t\t\t\t\t\t\t\t\t<img src=\"/css/images/tmp/hp/blog-1.png\" alt=\"\">\n\t\t\t\t\t\t\t\t\t<div class=\"iris iris-black\">\n\t\t\t\t\t\t\t\t\t\t<h4>Barvy přírody</h4>\n\t\t\t\t\t\t\t\t\t\t<p class=\"text-cut\">Pestré Velikonoce snadno a rychle.</p>\n\t\t\t\t\t\t\t\t\t\t<a href=\"https://blog.kosik.cz/velikonoce-v-barvach-prirody/\" class=\"button-simple button-red\" tabindex=\"-1\">Článek</a>\n\t\t\t\t\t\t\t\t\t</div>\n\t\t\t\t\t\t\t\t</div></div></div>\n\n\t\t\t\t\t\t\t\t\n\t\t\t\t\t\t\t\t\n\n\t\t\t\t\t\t\t\t\n\t\t\t\t\t\t\t<button type=\"button\" data-role=\"none\" class=\"slick-next slick-arrow\" aria-label=\"Next\" role=\"button\" style=\"display: inline-block;\">Next</button><ul class=\"slick-dots slick-dots-hp\" style=\"display: block;\" role=\"tablist\"><li class=\"slick-active\" aria-hidden=\"false\" role=\"presentation\" aria-selected=\"true\" aria-controls=\"navigation80\" id=\"slick-slide80\"><button type=\"button\" data-role=\"none\" role=\"button\" tabindex=\"0\">1</button></li><li aria-hidden=\"true\" role=\"presentation\" aria-selected=\"false\" aria-controls=\"navigation81\" id=\"slick-slide81\"><button type=\"button\" data-role=\"none\" role=\"button\" tabindex=\"0\">2</button></li><li aria-hidden=\"true\" role=\"presentation\" aria-selected=\"false\" aria-controls=\"navigation82\" id=\"slick-slide82\"><button type=\"button\" data-role=\"none\" role=\"button\" tabindex=\"0\">3</button></li><li aria-hidden=\"true\" role=\"presentation\" aria-selected=\"false\" aria-controls=\"navigation83\" id=\"slick-slide83\"><button type=\"button\" data-role=\"none\" role=\"button\" tabindex=\"0\">4</button></li></ul></div>\n\t\t\t\t\t\t</div>\n\t\t\t\t\t</div>\n\t\t\t\t</div>\n\n\t\t\t\t<div class=\"region region-pinpointing-locality\">\n\t\t\t\t\t<div class=\"region-inner region-pinpointing-locality-inner\">\n\n\t\t                <div class=\"pinpointing-photo\">\n\t\t                    <img src=\"/css/images/pinpointing-city-photo.jpg\" class=\"\">\n\t\t                </div>\n\n\t\t                <div class=\"block block-pinpointing-form\">\n\n\t\t                    <div class=\"enter-postcode-arrow\">\n\t\t                        <div class=\"enter-postcode\">\n\t\t                            Stačí zadat vaše <strong>PSČ</strong>\n\t\t                        </div>\n\t\t                    </div>\n\t\t                    <h2 class=\"question\">\n\t\t                        Doručujeme k vám?\n\t\t                        <span class=\"question-subtitle\">\n\t\t                            Hned to zjistíme!\n\t\t                        </span>\n\t\t                    </h2>\n\n<div id=\"snippet--pinpointForm\">\t\t                        <div class=\"enter-postcode-form\">\n\n\t\t                            <form action=\"/\" method=\"post\" class=\"ajax\" id=\"frm-zipForm\">\n\t\t                                <div class=\"element-delivery-suggester\">\n\t\t                                    <input type=\"text\" name=\"zip\" placeholder=\"Zadejte PSČ\" style=\"display: inline\" id=\"frm-zipForm-zip\" class=\"form-control\">\n\t\t                                </div>\n\n\t\t                                <input type=\"submit\" value=\"ověřit\" class=\"button-red button-simple\">\n\n\t\t                            <input type=\"hidden\" name=\"do\" value=\"zipForm-submit\"><!--[if IE]><input type=IEbug disabled style=\"display:none\"><![endif]-->\n</form>\n\n\t\t                        </div>\n</div>\n\t\t                </div>\n\t\t                <div class=\"block block-pinpointing-cities\" id=\"snippet--chooseCity\">\n\t\t\t\t\t\t\t<span class=\"city ajax\">\n\t\t                        Praha<br><small>+ Střední Čechy</small>\n\t\t                    </span>\n\t\t                    <span class=\"city ajax\">\n\t\t                        Brno<br><small>+ okolí</small>\n\t\t                    </span>\n\t\t                    <span class=\"city ajax\">\n\t\t                        Ostrava<br><small>+ okolí</small>\n\t\t                    </span>\n\t\t                    <span class=\"city ajax\">\n\t\t                        Liberec a Jablonec<br><small>+ okolí</small>\n\t\t                    </span>\n\t\t                    <span class=\"city ajax\">\n\t\t                        Ústí n/L a Teplice<br><small>+ okolí</small>\n\t\t                    </span>\n\t\t                    <span class=\"city ajax\">\n\t\t                        Pardubice a Chrudim<br><small>+ okolí</small>\n\t\t                    </span>\n\t\t                    <span class=\"city ajax\">\n\t\t                        Hradec Králové<br><small>+ okolí</small>\n\t\t                    </span>\n\t\t                    <span class=\"city ajax\">\n\t\t                        Olomouc, Přerov a Prostějov<br><small>+ okolí</small>\n\t\t                    </span>\n\t\t                    <span class=\"city ajax\">\n\t\t                        Most a Chomutov<br><small>+ okolí</small>\n\t\t                    </span>\n\t\t                    <span class=\"city ajax\">\n\t\t                        Plzeň<br><small>+ okolí</small>\n\t\t                    </span>\n\t\t                </div>\n\t\t\t\t\t</div>\n\t\t\t\t\t\t\t\t\t</div>\n\n\n\t\t\t</div>\n\n\n\n\t\t\t\n\n\n\t\t\t\t\t\t\t\t\t\t\t\t\t\t\t\t\t\t\t\t\t\t\t\t\t\t\t\t\t\t\t\t\t\t\t\t\t\t\t                                                                                                                                                                                                        \t\t\t\t\t\t\t\t\t\t\t\t\t\t\t\t\t\t\t\t\t\t\t\t\t\t\t\t\t\t\t\t\t\t\t\t\t\t\t\t\t\t\t\t\t\t\t\t\t                                                                                                                                                                                                        \t\t\t\t\t\t\t\t\t\t\t\t\t\t\t\t\t\t\t\t\t\t\t\t\t\t\t\t\t\t\t\t\t\t\t\t\t\t\t\t\t\t\t\t\t\t\t\t\t                                                                                                                                                                                                        \t\t\t\t\t\t\t\t\t\t\t\t\t\t\t\t\t\t\t\t\t\t\t\t\t\t\t\t\t\t\t\t\t\t\t\t\t\t\t\t\t\t\t\t\t\t\t\t\t                                                                                                                                                                                                        \t\t\t\t\t\t\t\t\t\t\t\t\t\t\t\t\t\t\t\t\t\t\n\t</div>\n\n\t<script type=\"text/javascript\">\n\t\t$(document).ready(function () {\n\t\t\t$('.loyalty-carousel').slick({\n\t\t\t\tdots: true,\n\t\t\t\tdotsClass: 'slick-dots slick-dots-hp',\n\t\t\t\tinfinite: true,\n\t\t\t\tslidesToShow: 1,\n\t\t\t\tspeed: 300\n\t\t\t});\n\n\t\t\t$('.week-offer-carousel').slick({\n\t\t\t\tdots: true,\n\t\t\t\tdotsClass: 'slick-dots slick-dots-hp',\n\t\t\t\tinfinite: true,\n\t\t\t\tslidesToShow: 1,\n\t\t\t\tspeed: 300\n\t\t\t});\n            $('.sets-recipe-blog-carousel-wrapper').slick({\n                dots: true,\n                dotsClass: 'slick-dots slick-dots-hp',\n                infinite: true,\n                slidesToShow: 1,\n                speed: 300\n            });\n\n\t\t\tfixing.onClose(function () {\n\t\t\t\t$('.loyalty-carousel').slick('slickSetOption', 'slidesToShow', 1, true);\n\t\t\t\t$('.week-offer-carousel').slick('slickSetOption', 'slidesToShow', 1, true);\n                $('.sets-recipe-blog-carousel-wrapper').slick('slickSetOption', 'slidesToShow', 1, true);\n\t\t\t});\n\n\t\t\tfixing.onOpen(function () {\n\t\t\t\t$('.loyalty-carousel').slick('slickSetOption', 'slidesToShow', 1, true);\n\t\t\t\t$('.week-offer-carousel').slick('slickSetOption', 'slidesToShow', 1, true);\n                $('.sets-recipe-blog-carousel-wrapper').slick('slickSetOption', 'slidesToShow', 1, true);\n\n\t\t\t});\n\n\n\t\t});\n\n\t\tfunction setBagListImg(SRC) {\n\t\t\t$(\"#bag-list-img\").fadeOut(\"slow\", function() {\n\t\t\t\t$(\"#bag-list-img\").attr(\"src\", SRC);\n\t\t\t}).fadeIn(\"fast\");\n\t\t}\n\t</script>\n\t\t</div>\n\n\t\t\t<div class=\"zone-wrapper zone-postscript-wrapper clearfix\" id=\"footer-fixing-element\">\n\t\t\t\t<div class=\"zone zone-postscript clearfix\">\n\n\t\t\t\t\t<h2 class=\"hp-brand-carousel-title\" style=\"display: none\">Oblíbené značky</h2>\n\t\t\t\t\t<div class=\"region region-brands-carousel\">\n\t\t\t\t\t\t<div class=\"region-inner region-brands-carousel-inner slick-initialized slick-slider\"><button type=\"button\" data-role=\"none\" class=\"slick-prev slick-arrow\" aria-label=\"Previous\" role=\"button\" style=\"display: block;\">Previous</button>\n\n\n\n\n\t\t\t\t\t\t<div aria-live=\"polite\" class=\"slick-list draggable\"><div class=\"slick-track\" style=\"opacity: 1; width: 2926px; transform: translate3d(-770px, 0px, 0px);\" role=\"listbox\"><div class=\"slick-slide slick-cloned\" style=\"width: 138px;\" data-slick-index=\"-5\" aria-hidden=\"true\" tabindex=\"-1\">\n\t<div class=\"company-box\" style=\"filter: grayscale(100%)\" onmouseover=\"this.style.WebkitFilter='grayscale(0%)'\" onmouseout=\"this.style.WebkitFilter='grayscale(100%)'\">\n\t\t<a href=\"/brand/danone\" title=\"Danone\" tabindex=\"-1\">\n\t\t\t<img style=\"margin-top: 15%\" src=\"https://cdn.kosik.cz/content/brand-logo/png/default/109.png\" alt=\"Danone\">\n\t\t\t<div class=\"company-text\">Danone</div>\n\t\t</a>\n\t</div>\n</div><div class=\"slick-slide slick-cloned\" style=\"width: 138px;\" data-slick-index=\"-4\" aria-hidden=\"true\" tabindex=\"-1\">\n\t<div class=\"company-box\" style=\"filter: grayscale(100%)\" onmouseover=\"this.style.WebkitFilter='grayscale(0%)'\" onmouseout=\"this.style.WebkitFilter='grayscale(100%)'\">\n\t\t<a href=\"/brand/dr-oetker\" title=\"Dr. Oetker\" tabindex=\"-1\">\n\t\t\t<img style=\"margin-top: 15%\" src=\"https://cdn.kosik.cz/content/brand-logo/png/default/313.png\" alt=\"Dr. Oetker\">\n\t\t\t<div class=\"company-text\">Dr. Oetker</div>\n\t\t</a>\n\t</div>\n</div><div class=\"slick-slide slick-cloned\" style=\"width: 138px;\" data-slick-index=\"-3\" aria-hidden=\"true\" tabindex=\"-1\">\n\t<div class=\"company-box\" style=\"filter: grayscale(100%)\" onmouseover=\"this.style.WebkitFilter='grayscale(0%)'\" onmouseout=\"this.style.WebkitFilter='grayscale(100%)'\">\n\t\t<a href=\"/brand/pickwick\" title=\"Pickwick\" tabindex=\"-1\">\n\t\t\t<img style=\"margin-top: 15%\" src=\"https://cdn.kosik.cz/content/brand-logo/png/default/357.png\" alt=\"Pickwick\">\n\t\t\t<div class=\"company-text\">Pickwick</div>\n\t\t</a>\n\t</div>\n</div><div class=\"slick-slide slick-cloned\" style=\"width: 138px;\" data-slick-index=\"-2\" aria-hidden=\"true\" tabindex=\"-1\">\n\t<div class=\"company-box\" style=\"filter: grayscale(100%)\" onmouseover=\"this.style.WebkitFilter='grayscale(0%)'\" onmouseout=\"this.style.WebkitFilter='grayscale(100%)'\">\n\t\t<a href=\"/brand/velkopopovicky-kozel\" title=\"Velkopopovický Kozel\" tabindex=\"-1\">\n\t\t\t<img style=\"margin-top: 15%\" src=\"https://cdn.kosik.cz/content/brand-logo/png/default/448.png\" alt=\"Velkopopovický Kozel\">\n\t\t\t<div class=\"company-text\">Velkopopovický Kozel</div>\n\t\t</a>\n\t</div>\n</div><div class=\"slick-slide slick-cloned\" style=\"width: 138px;\" data-slick-index=\"-1\" aria-hidden=\"true\" tabindex=\"-1\">\n\t<div class=\"company-box\" style=\"filter: grayscale(100%)\" onmouseover=\"this.style.WebkitFilter='grayscale(0%)'\" onmouseout=\"this.style.WebkitFilter='grayscale(100%)'\">\n\t\t<a href=\"/brand/edeka\" title=\"Edeka\" tabindex=\"-1\">\n\t\t\t<img style=\"margin-top: 15%\" src=\"https://cdn.kosik.cz/content/brand-logo/png/default/678.png\" alt=\"Edeka\">\n\t\t\t<div class=\"company-text\">Edeka</div>\n\t\t</a>\n\t</div>\n</div><div class=\"slick-slide slick-current slick-active\" style=\"width: 138px;\" data-slick-index=\"0\" aria-hidden=\"false\" tabindex=\"-1\" role=\"option\" aria-describedby=\"slick-slide90\">\n\t<div class=\"company-box\" style=\"filter: grayscale(100%)\" onmouseover=\"this.style.WebkitFilter='grayscale(0%)'\" onmouseout=\"this.style.WebkitFilter='grayscale(100%)'\">\n\t\t<a href=\"/microsite/radegast\" title=\"Radegast\" tabindex=\"0\">\n\t\t\t<img style=\"margin-top: 15%\" src=\"/content/microsites/radegast/radegast-logo-menu.png\" alt=\"Radegast\">\n\t\t\t<div class=\"company-text\">Radegast</div>\n\t\t</a>\n\t</div>\n</div><div class=\"slick-slide slick-active\" style=\"width: 138px;\" data-slick-index=\"1\" aria-hidden=\"false\" tabindex=\"-1\" role=\"option\" aria-describedby=\"slick-slide91\">\n\t<div class=\"company-box\" style=\"filter: grayscale(100%)\" onmouseover=\"this.style.WebkitFilter='grayscale(0%)'\" onmouseout=\"this.style.WebkitFilter='grayscale(100%)'\">\n\t\t<a href=\"/microsite/maggi\" title=\"Maggi\" tabindex=\"0\">\n\t\t\t<img style=\"margin-top: 15%\" src=\"https://cdn.kosik.cz/content/brand-logo/png/default/272.png\" alt=\"Maggi\">\n\t\t\t<div class=\"company-text\">Maggi</div>\n\t\t</a>\n\t</div>\n</div><div class=\"slick-slide slick-active\" style=\"width: 138px;\" data-slick-index=\"2\" aria-hidden=\"false\" tabindex=\"-1\" role=\"option\" aria-describedby=\"slick-slide92\">\n\t<div class=\"company-box\" style=\"filter: grayscale(100%)\" onmouseover=\"this.style.WebkitFilter='grayscale(0%)'\" onmouseout=\"this.style.WebkitFilter='grayscale(100%)'\">\n\t\t<a href=\"/brand/penam\" title=\"Penam\" tabindex=\"0\">\n\t\t\t<img style=\"margin-top: 15%\" src=\"https://cdn.kosik.cz/content/brand-logo/png/default/86.png\" alt=\"Penam\">\n\t\t\t<div class=\"company-text\">Penam</div>\n\t\t</a>\n\t</div>\n</div><div class=\"slick-slide slick-active\" style=\"width: 138px;\" data-slick-index=\"3\" aria-hidden=\"false\" tabindex=\"-1\" role=\"option\" aria-describedby=\"slick-slide93\">\n\t<div class=\"company-box\" style=\"filter: grayscale(100%)\" onmouseover=\"this.style.WebkitFilter='grayscale(0%)'\" onmouseout=\"this.style.WebkitFilter='grayscale(100%)'\">\n\t\t<a href=\"/brand/madeta\" title=\"Madeta\" tabindex=\"0\">\n\t\t\t<img style=\"margin-top: 15%\" src=\"https://cdn.kosik.cz/content/brand-logo/png/default/101.png\" alt=\"Madeta\">\n\t\t\t<div class=\"company-text\">Madeta</div>\n\t\t</a>\n\t</div>\n</div><div class=\"slick-slide slick-active\" style=\"width: 138px;\" data-slick-index=\"4\" aria-hidden=\"false\" tabindex=\"-1\" role=\"option\" aria-describedby=\"slick-slide94\">\n\t<div class=\"company-box\" style=\"filter: grayscale(100%)\" onmouseover=\"this.style.WebkitFilter='grayscale(0%)'\" onmouseout=\"this.style.WebkitFilter='grayscale(100%)'\">\n\t\t<a href=\"/brand/danone\" title=\"Danone\" tabindex=\"0\">\n\t\t\t<img style=\"margin-top: 15%\" src=\"https://cdn.kosik.cz/content/brand-logo/png/default/109.png\" alt=\"Danone\">\n\t\t\t<div class=\"company-text\">Danone</div>\n\t\t</a>\n\t</div>\n</div><div class=\"slick-slide\" style=\"width: 138px;\" data-slick-index=\"5\" aria-hidden=\"true\" tabindex=\"-1\" role=\"option\" aria-describedby=\"slick-slide95\">\n\t<div class=\"company-box\" style=\"filter: grayscale(100%)\" onmouseover=\"this.style.WebkitFilter='grayscale(0%)'\" onmouseout=\"this.style.WebkitFilter='grayscale(100%)'\">\n\t\t<a href=\"/brand/dr-oetker\" title=\"Dr. Oetker\" tabindex=\"-1\">\n\t\t\t<img style=\"margin-top: 15%\" src=\"https://cdn.kosik.cz/content/brand-logo/png/default/313.png\" alt=\"Dr. Oetker\">\n\t\t\t<div class=\"company-text\">Dr. Oetker</div>\n\t\t</a>\n\t</div>\n</div><div class=\"slick-slide\" style=\"width: 138px;\" data-slick-index=\"6\" aria-hidden=\"true\" tabindex=\"-1\" role=\"option\" aria-describedby=\"slick-slide96\">\n\t<div class=\"company-box\" style=\"filter: grayscale(100%)\" onmouseover=\"this.style.WebkitFilter='grayscale(0%)'\" onmouseout=\"this.style.WebkitFilter='grayscale(100%)'\">\n\t\t<a href=\"/brand/pickwick\" title=\"Pickwick\" tabindex=\"-1\">\n\t\t\t<img style=\"margin-top: 15%\" src=\"https://cdn.kosik.cz/content/brand-logo/png/default/357.png\" alt=\"Pickwick\">\n\t\t\t<div class=\"company-text\">Pickwick</div>\n\t\t</a>\n\t</div>\n</div><div class=\"slick-slide\" style=\"width: 138px;\" data-slick-index=\"7\" aria-hidden=\"true\" tabindex=\"-1\" role=\"option\" aria-describedby=\"slick-slide97\">\n\t<div class=\"company-box\" style=\"filter: grayscale(100%)\" onmouseover=\"this.style.WebkitFilter='grayscale(0%)'\" onmouseout=\"this.style.WebkitFilter='grayscale(100%)'\">\n\t\t<a href=\"/brand/velkopopovicky-kozel\" title=\"Velkopopovický Kozel\" tabindex=\"-1\">\n\t\t\t<img style=\"margin-top: 15%\" src=\"https://cdn.kosik.cz/content/brand-logo/png/default/448.png\" alt=\"Velkopopovický Kozel\">\n\t\t\t<div class=\"company-text\">Velkopopovický Kozel</div>\n\t\t</a>\n\t</div>\n</div><div class=\"slick-slide\" style=\"width: 138px;\" data-slick-index=\"8\" aria-hidden=\"true\" tabindex=\"-1\" role=\"option\" aria-describedby=\"slick-slide98\">\n\t<div class=\"company-box\" style=\"filter: grayscale(100%)\" onmouseover=\"this.style.WebkitFilter='grayscale(0%)'\" onmouseout=\"this.style.WebkitFilter='grayscale(100%)'\">\n\t\t<a href=\"/brand/edeka\" title=\"Edeka\" tabindex=\"-1\">\n\t\t\t<img style=\"margin-top: 15%\" src=\"https://cdn.kosik.cz/content/brand-logo/png/default/678.png\" alt=\"Edeka\">\n\t\t\t<div class=\"company-text\">Edeka</div>\n\t\t</a>\n\t</div>\n</div><div class=\"slick-slide slick-cloned\" style=\"width: 138px;\" data-slick-index=\"9\" aria-hidden=\"true\" tabindex=\"-1\">\n\t<div class=\"company-box\" style=\"filter: grayscale(100%)\" onmouseover=\"this.style.WebkitFilter='grayscale(0%)'\" onmouseout=\"this.style.WebkitFilter='grayscale(100%)'\">\n\t\t<a href=\"/microsite/radegast\" title=\"Radegast\" tabindex=\"-1\">\n\t\t\t<img style=\"margin-top: 15%\" src=\"/content/microsites/radegast/radegast-logo-menu.png\" alt=\"Radegast\">\n\t\t\t<div class=\"company-text\">Radegast</div>\n\t\t</a>\n\t</div>\n</div><div class=\"slick-slide slick-cloned\" style=\"width: 138px;\" data-slick-index=\"10\" aria-hidden=\"true\" tabindex=\"-1\">\n\t<div class=\"company-box\" style=\"filter: grayscale(100%)\" onmouseover=\"this.style.WebkitFilter='grayscale(0%)'\" onmouseout=\"this.style.WebkitFilter='grayscale(100%)'\">\n\t\t<a href=\"/microsite/maggi\" title=\"Maggi\" tabindex=\"-1\">\n\t\t\t<img style=\"margin-top: 15%\" src=\"https://cdn.kosik.cz/content/brand-logo/png/default/272.png\" alt=\"Maggi\">\n\t\t\t<div class=\"company-text\">Maggi</div>\n\t\t</a>\n\t</div>\n</div><div class=\"slick-slide slick-cloned\" style=\"width: 138px;\" data-slick-index=\"11\" aria-hidden=\"true\" tabindex=\"-1\">\n\t<div class=\"company-box\" style=\"filter: grayscale(100%)\" onmouseover=\"this.style.WebkitFilter='grayscale(0%)'\" onmouseout=\"this.style.WebkitFilter='grayscale(100%)'\">\n\t\t<a href=\"/brand/penam\" title=\"Penam\" tabindex=\"-1\">\n\t\t\t<img style=\"margin-top: 15%\" src=\"https://cdn.kosik.cz/content/brand-logo/png/default/86.png\" alt=\"Penam\">\n\t\t\t<div class=\"company-text\">Penam</div>\n\t\t</a>\n\t</div>\n</div><div class=\"slick-slide slick-cloned\" style=\"width: 138px;\" data-slick-index=\"12\" aria-hidden=\"true\" tabindex=\"-1\">\n\t<div class=\"company-box\" style=\"filter: grayscale(100%)\" onmouseover=\"this.style.WebkitFilter='grayscale(0%)'\" onmouseout=\"this.style.WebkitFilter='grayscale(100%)'\">\n\t\t<a href=\"/brand/madeta\" title=\"Madeta\" tabindex=\"-1\">\n\t\t\t<img style=\"margin-top: 15%\" src=\"https://cdn.kosik.cz/content/brand-logo/png/default/101.png\" alt=\"Madeta\">\n\t\t\t<div class=\"company-text\">Madeta</div>\n\t\t</a>\n\t</div>\n</div><div class=\"slick-slide slick-cloned\" style=\"width: 138px;\" data-slick-index=\"13\" aria-hidden=\"true\" tabindex=\"-1\">\n\t<div class=\"company-box\" style=\"filter: grayscale(100%)\" onmouseover=\"this.style.WebkitFilter='grayscale(0%)'\" onmouseout=\"this.style.WebkitFilter='grayscale(100%)'\">\n\t\t<a href=\"/brand/danone\" title=\"Danone\" tabindex=\"-1\">\n\t\t\t<img style=\"margin-top: 15%\" src=\"https://cdn.kosik.cz/content/brand-logo/png/default/109.png\" alt=\"Danone\">\n\t\t\t<div class=\"company-text\">Danone</div>\n\t\t</a>\n\t</div>\n</div></div></div><button type=\"button\" data-role=\"none\" class=\"slick-next slick-arrow\" aria-label=\"Next\" role=\"button\" style=\"display: block;\">Next</button></div>\n\t\t\t\t\t</div>\n\n\t\t\t\t\t<div class=\"region region-subscribe-box\">\n\t\t\t\t\t\t<div class=\"region-inner region-subscribe-box-inner\">\n\t\t\t\t\t\t\t<div class=\"block block-subscribe-box-logo\">\n\t\t\t\t\t\t\t\t<a href=\"/\">\n\t\t\t\t\t\t\t\t\t<img src=\"/css/images/logo-white.svg\" alt=\"Košík.cz\">\n\t\t\t\t\t\t\t\t</a>\n\t\t\t\t\t\t\t</div>\n\t\t\t\t\t\t\t<div class=\"block block-subscribe-box-social\">\n\t\t\t\t\t\t\t\t<a href=\"https://twitter.com/kosikcz\" class=\"twitter\" title=\"Twitter\">\n\t\t\t\t\t\t\t\t\t<i class=\"fa fa-twitter\"></i>\n\t\t\t\t\t\t\t\t</a>\n\t\t\t\t\t\t\t\t<a href=\"https://www.facebook.com/kosikcz\" title=\"Facebook\" class=\"facebook\">\n\t\t\t\t\t\t\t\t\t<i class=\"fa fa-facebook\"></i>\n\t\t\t\t\t\t\t\t</a>\n\t\t\t\t\t\t\t\t<a href=\"https://www.instagram.com/kosik.cz/\" title=\"Instagram\" class=\"instagram\">\n\t\t\t\t\t\t\t\t\t<i class=\"fa fa-instagram\"></i>\n\t\t\t\t\t\t\t\t</a>\n\t\t\t\t\t\t\t</div>\n\n<div class=\"block block-subscribe-email\" id=\"snippet-subscribeMailing-subscribeFormArea\">\n\t\t<p>Novinky a akční nabídky</p>\n\t\t<form action=\"/hledat?q=avok%C3%A1do\" method=\"post\" class=\"ajax\" id=\"frm-subscribeMailing-subscribeForm\">\n\t\t<input type=\"text\" name=\"email\" placeholder=\"Zadejte svůj e-mail\" id=\"frm-subscribeMailing-subscribeForm-email\" required=\"\" data-nette-rules=\"[{&quot;op&quot;:&quot;:filled&quot;,&quot;msg&quot;:&quot;E-mail je povinný&quot;},{&quot;op&quot;:&quot;:email&quot;,&quot;msg&quot;:&quot;E-mail nemá správný formát&quot;}]\">\n\t\t<input type=\"submit\" name=\"_submit\" value=\"Přihlásit\" class=\"subscribe-button button-simple button-green\">\n\t\t<input type=\"hidden\" name=\"do\" value=\"subscribeMailing-subscribeForm-submit\"><!--[if IE]><input type=IEbug disabled style=\"display:none\"><![endif]-->\n</form>\n\n</div>\n\t\t\t\t\t\t</div>\n\t\t\t\t\t</div>\n\n\t\t\t\t</div>\n\t\t\t</div>\n\n\t\t\t\t\t\t<div class=\"zone-wrapper zone-footer-wrapper clearfix\">\n\t\t\t\t<div class=\"zone zone-footer clearfix\">\n\t\t\t\t\t<div class=\"region region-footer lighter-gray-bg\">\n\t\t\t\t\t\t<div class=\"region-inner region-footer-inner\">\n\t\t\t\t\t\t\t<div class=\"block block-footer-left\">\n\n\t<ul>\n\t\t<li>\n\t\t\t<span class=\"footer-title\">Nakupování</span>\n\t\t\t<ul>\n\t\t\t\t<li>\n\t\t\t\t\t<a href=\"/pripravene-nakupy\">Připravené nákupy</a>\n\t\t\t\t</li>\n\t\t\t\t<li>\n\t\t\t\t\t<a href=\"/pruvodce-nakupem\">Průvodce nákupem</a>\n\t\t\t\t</li>\n\t\t\t\t<li>\n\t\t\t\t\t<a href=\"/produkty-v-akci\">Produkty v akci</a>\n\t\t\t\t</li>\n\t\t\t\t<li>\n\t\t\t\t\t<a href=\"/brands\">Značkové obchody</a>\n\t\t\t\t</li>\n\t\t\t\t<li>\n\t\t\t\t\t<a href=\"/doporucujeme\">Doporučujeme</a>\n\t\t\t\t</li>\n\t\t\t</ul>\n\t\t</li>\n\t</ul>\n\t<ul>\n\t\t<li>\n\t\t\t<span class=\"footer-title\">Společnost</span>\n\t\t\t<ul>\n\t\t\t\t<li>\n\t\t\t\t\t<a href=\"/spolecnost/kontakt\">Kontakt</a>\n\t\t\t\t</li>\n\t\t\t\t<li>\n\t\t\t\t\t<a href=\"/spolecnost/obchodni-podminky\">Obchodní podmínky</a>\n\t\t\t\t</li>\n\t\t\t\t<li>\n\t\t\t\t\t<a href=\"/spolecnost/zrusit-odber\">Zrušit odběr akční nabídky</a>\n\t\t\t\t</li>\n\t\t\t</ul>\n\t\t</li>\n\t</ul>\n\t<ul>\n\t\t<li>\n\t\t\t<span class=\"footer-title\">Zajímá vás</span>\n\t\t\t<ul>\n\t\t\t\t<li>\n\t\t\t\t\t<a href=\"/zajima-vas/proc-vybrat-kosik\">Proč vybrat Košík.cz?</a>\n\t\t\t\t</li>\n\t\t\t\t<li>\n\t\t\t\t\t<a href=\"/zajima-vas/caste-dotazy\">Časté dotazy</a>\n\t\t\t\t</li>\n\t\t\t\t<li>\n\t\t\t\t\t<a href=\"/zajima-vas/spoluprace\">Spolupráce</a>\n\t\t\t\t</li>\n\t\t\t\t<li>\n\t\t\t\t\t<a href=\"/vitejte\">První nákup</a>\n\t\t\t\t</li>\n\t\t\t\t\t<li>\n\t\t\t\t\t\t<a href=\"/content/soutez_pravidla_saris.pdf\" target=\"_blank\">Soutěž</a>\n\t\t\t\t\t</li>\n\t\t\t</ul>\n\t\t</li>\n\t</ul>\n\t<ul>\n\t\t<li>\n\t\t\t<span class=\"footer-title\">Získejte</span>\n\t\t\t<ul>\n\t\t\t\t<li>\n\t\t\t\t\t<a href=\"/informace-o-rozvozu-a-cenach\">Informace o rozvozu a cenách</a>\n\t\t\t\t</li>\n\t\t\t\t<li>\n\t\t\t\t\t<a href=\"/garance-spokojenosti\">Garance spokojenosti</a>\n\t\t\t\t</li>\n\t\t\t</ul>\n\t\t</li>\n\t</ul>\n\t\t\t\t\t\t\t</div>\n\t\t\t\t\t\t\t<div class=\"block block-footer-right\">\n\t\t\t\t\t\t\t\t<div class=\"fb-page fb_iframe_widget\" data-href=\"https://www.facebook.com/kosikcz\" data-width=\"300\" data-height=\"200\" data-small-header=\"true\" data-adapt-container-width=\"false\" data-hide-cover=\"false\" data-show-facepile=\"true\" data-show-posts=\"false\" fb-xfbml-state=\"rendered\" fb-iframe-plugin-query=\"adapt_container_width=false&amp;app_id=680354828760786&amp;container_width=0&amp;height=200&amp;hide_cover=false&amp;href=https%3A%2F%2Fwww.facebook.com%2Fkosikcz&amp;locale=en_US&amp;sdk=joey&amp;show_facepile=true&amp;show_posts=false&amp;small_header=true&amp;width=300\"><span style=\"vertical-align: bottom; width: 300px; height: 154px;\"><iframe name=\"ffe1e15490d474\" width=\"300px\" height=\"200px\" frameborder=\"0\" allowtransparency=\"true\" allowfullscreen=\"true\" scrolling=\"no\" title=\"fb:page Facebook Social Plugin\" src=\"https://www.facebook.com/v2.4/plugins/page.php?adapt_container_width=false&amp;app_id=680354828760786&amp;channel=https%3A%2F%2Fstaticxx.facebook.com%2Fconnect%2Fxd_arbiter%2Fr%2F96nq-xsaNcg.js%3Fversion%3D42%23cb%3Df1eea49274ed3cc%26domain%3Dwww.kosik.cz%26origin%3Dhttps%253A%252F%252Fwww.kosik.cz%252Ff2639756d653d98%26relation%3Dparent.parent&amp;container_width=0&amp;height=200&amp;hide_cover=false&amp;href=https%3A%2F%2Fwww.facebook.com%2Fkosikcz&amp;locale=en_US&amp;sdk=joey&amp;show_facepile=true&amp;show_posts=false&amp;small_header=true&amp;width=300\" class=\"\" style=\"border: none; visibility: visible; width: 300px; height: 154px;\"></iframe></span></div>\n\t\t\t\t\t\t\t</div>\n\t\t\t\t\t\t\t<div class=\"clear\"></div>\n\t\t\t\t\t\t\t<div class=\"block block-footer-services\">\n\t\t\t\t\t\t\t\t<div class=\"service-contact\">\n\t\t\t\t\t\t\t\t\t<div class=\"service-phone\">\n\t\t\t\t\t\t\t\t\t\t<span class=\"circle\"><i class=\"fa fa-phone\"></i></span>\n\n\t\t\t\t\t\t\t\t\t\t<p>735 16 65 70 <span>Denně 8:00 až 22:00</span></p>\n\n\t\t\t\t\t\t\t\t</div>\n\t\t\t\t\t\t\t\t\t<div class=\"service-mail\">\n\t\t\t\t\t\t\t\t\t\t<span class=\"circle\"><i class=\"fa fa-envelope\"></i></span>\n\n\t\t\t\t\t\t\t\t\t\t<p>zakaznici@kosik.cz <span>Vašim e-mailům se věnujeme 7 dní v týdnu.</span>\n\t\t\t\t\t\t\t\t\t\t</p>\n\t\t\t\t\t\t\t\t\t</div>\n\t\t\t\t\t\t\t\t</div>\n\t\t\t\t\t\t\t\t<div class=\"service-payment\">\n\t\t\t\t\t\t\t\t\t\t<div class=\"payment\">\n\t\t\t\t\t\t\t\t\t\t\t<img src=\"/css/images/payment-1.png\" alt=\"Bezpečná platba - 1\">\n\t\t\t\t\t\t\t\t\t\t</div>\n\t\t\t\t\t\t\t\t\t\t<div class=\"payment\">\n\t\t\t\t\t\t\t\t\t\t\t<img src=\"/css/images/payment-2.png\" alt=\"Bezpečná platba - 2\">\n\t\t\t\t\t\t\t\t\t\t</div>\n\t\t\t\t\t\t\t\t\t\t<div class=\"payment\">\n\t\t\t\t\t\t\t\t\t\t\t<img src=\"/css/images/payment-3.png\" alt=\"Bezpečná platba - 3\">\n\t\t\t\t\t\t\t\t\t\t</div>\n\t\t\t\t\t\t\t\t\t\t<div class=\"payment\">\n\t\t\t\t\t\t\t\t\t\t\t<img src=\"/css/images/payment-4.png\" alt=\"Bezpečná platba - 4\">\n\t\t\t\t\t\t\t\t\t\t</div>\n\t\t\t\t\t\t\t\t\t\t<div class=\"payment\">\n\t\t\t\t\t\t\t\t\t\t\t<img src=\"/css/images/payment-5.png\" alt=\"Bezpečná platba - 5\">\n\t\t\t\t\t\t\t\t\t\t</div>\n\t\t\t\t\t\t\t\t</div>\n\t\t\t\t\t\t\t</div>\n\t\t\t\t\t\t</div>\n\t\t\t\t\t</div>\n\t\t\t\t\t<div class=\"region region-copyright\">\n\t\t\t\t\t\t<div class=\"region-inner region-copyright-inner\">\n\t\t\t\t\t\t\t<p>Copyright ©2017 © Košík.cz. Všechna práva vyhrazena.</p>\n\t\t\t\t\t\t\t\t\t\t\t\t\t\t<!-- Facebook Pixel Code -->\n\t\t\t\t\t\t\t<script>\n\t\t\t\t\t\t\t\t!function (f, b, e, v, n, t, s){if(f.fbq)return;n=f.fbq=function(){n.callMethod?\n                    n.callMethod.apply(n,arguments):n.queue.push(arguments)};if(!f._fbq)f._fbq=n;\n                    n.push=n;n.loaded=!0;n.version='2.0';n.queue=[];t=b.createElement(e);t.async=!0;\n                    t.src=v;s=b.getElementsByTagName(e)[0];s.parentNode.insertBefore(t,s)}(window,\n\t\t\t\t\t\t\t\t\t\tdocument, 'script', '//connect.facebook.net/en_US/fbevents.js');\n\t\t\t\t\t\t\t\tfbq('init', '338087796401059');\n\t\t\t\t\t\t\t\tfbq('track', \"PageView\");</script>\n\t\t\t\t\t\t\t<noscript>&lt;img height=\"1\" width=\"1\" style=\"display:none\"\n\t\t\t\t\t\t\t\t\t\t   src=\"https://www.facebook.com/tr?id=338087796401059&amp;ev=PageView&amp;noscript=1\"\n\t\t\t\t\t\t\t\t&gt;</noscript>\n\t\t\t\t\t\t\t<!-- End Facebook Pixel Code -->\n\t\t\t\t\t\t</div>\n\t\t\t\t\t</div>\n\t\t\t\t</div>\n\t\t\t</div>\n\n\n\t\t\t\t\n\n\n\n\n        \n    \n\t</div>\n\n\t<script type=\"text/javascript\">\n\t\t$(document).ready(function () {\n\t\t\t$('.region-brands-carousel-inner').slick({\n\t\t\t\tdots: false,\n\t\t\t\tinfinite: true,\n\t\t\t\tslidesToShow: 6,\n\t\t\t\tslidesToScroll: 6,\n\t\t\t\tresponsive: [\n\t\t\t\t\t{\n\t\t\t\t\t\tbreakpoint: 1025,\n\t\t\t\t\t\tsettings: {\n\t\t\t\t\t\t\tslidesToShow: 5,\n                            swipeToSlide: true\n\t\t\t\t\t\t}\n\t\t\t\t\t},\n\t\t\t\t\t{\n\t\t\t\t\t\tbreakpoint: 769,\n\t\t\t\t\t\tsettings: {\n\t\t\t\t\t\t\tslidesToShow: 4,\n                            swipeToSlide: true\n\t\t\t\t\t\t}\n\t\t\t\t\t},\n\t\t\t\t\t{\n\t\t\t\t\t\tbreakpoint: 559,\n\t\t\t\t\t\tsettings: {\n\t\t\t\t\t\t\tslidesToShow: 3,\n                            swipeToSlide: false,\n                            slidesToScroll: 3,\n\t\t\t\t\t\t}\n\t\t\t\t\t},\n\t\t\t\t\t{\n\t\t\t\t\t\tbreakpoint: 380,\n\t\t\t\t\t\tsettings: {\n\t\t\t\t\t\t\tslidesToShow: 2,\n                            swipeToSlide: false,\n                            slidesToScroll: 2,\n\t\t\t\t\t\t}\n\t\t\t\t\t}\n\t\t\t\t]\n\t\t\t});\n\t\t});\n\t</script>\n</div>        </div><script type=\"text/javascript\" id=\"\">(function(){var a=window._fbq||(window._fbq=[]);if(!a.loaded){var b=document.createElement(\"script\");b.async=!0;b.src=\"//connect.facebook.net/en_US/fbds.js\";var c=document.getElementsByTagName(\"script\")[0];c.parentNode.insertBefore(b,c);a.loaded=!0}a.push([\"addPixelId\",\"338087796401059\"])})();window._fbq=window._fbq||[];window._fbq.push([\"track\",\"PixelInitialized\",{}]);</script>\n<noscript>&lt;img height=\"1\" width=\"1\" alt=\"\" style=\"display:none\" src=\"https://www.facebook.com/tr?id=338087796401059&amp;amp;ev=PixelInitialized\"&gt;</noscript><script type=\"text/javascript\" id=\"\">!function(b,e,f,g,a,c,d){b.fbq||(a=b.fbq=function(){a.callMethod?a.callMethod.apply(a,arguments):a.queue.push(arguments)},b._fbq||(b._fbq=a),a.push=a,a.loaded=!0,a.version=\"2.0\",a.queue=[],c=e.createElement(f),c.async=!0,c.src=g,d=e.getElementsByTagName(f)[0],d.parentNode.insertBefore(c,d))}(window,document,\"script\",\"//connect.facebook.net/en_US/fbevents.js\");fbq(\"init\",\"1012120625494019\");fbq(\"track\",\"PageView\");</script>\n<noscript>&lt;img height=\"1\" width=\"1\" style=\"display:none\" src=\"https://www.facebook.com/tr?id=1012120625494019&amp;amp;ev=PageView&amp;amp;noscript=1\"&gt;</noscript><script type=\"text/javascript\" id=\"\">var str=\"undefined\",pageCategoryRMK=str.replace(/,/g,\"|\");</script>\n<script type=\"text/javascript\" id=\"\">var seznam_retargeting_id=24156;var seznam_pagetype=\"Home\";if(\"Home\"==\"Product\"){var seznam_itemId=\"undefined\";var seznam_category=\"undefined\"}if(\"Home\"==\"Category\")var seznam_category=\"undefined\";</script>\n<script type=\"text/javascript\" id=\"\" src=\"//c.imedia.cz/js/retargeting.js\"></script>\n        <div class=\"flass-massege-box\" id=\"snippet--flashes\">\n            <div class=\"flass-wrapper\">\n                <div class=\"flass-inner\">\n                </div>\n            </div>\n\n        </div>\n        <script src=\"/js/kosik-slider.js\"></script>\n            <script type=\"text/javascript\" async=\"\">\n                var ua = navigator.userAgent.toLowerCase(),\n                        platform = navigator.platform.toLowerCase();\n                platformName = ua.match(/ip(?:ad|od|hone)/) ? 'ios' : (ua.match(/(?:webos|android)/) || platform.match(/mac|win|linux/) || ['other'])[0],\n                        isMobile = /ios|android|webos/.test(platformName);\n                if (!isMobile) {\n                    window.$zopim || (function (d, s) {\n                        var z = $zopim = function (c) {\n                            z._.push(c)\n                        }, $ = z.s =\n                                d.createElement(s), e = d.getElementsByTagName(s)[0];\n                        z.set = function (o) {\n                            z.set.\n                                    _.push(o)\n                        };\n                        z._ = [];\n                        z.set._ = [];\n                        $.async = !0;\n                        $.setAttribute(\"charset\", \"utf-8\");\n                        $.src = \"//v2.zopim.com/?2vrvybqatdZkdjUq0shJgcneG83Lrb0E\";\n                        z.t = +new Date;\n                        $.\n                                type = \"text/javascript\";\n                        e.parentNode.insertBefore($, e)\n                    })(document, \"script\");\n                }\n            </script>\n\n        <script src=\"/js/wNumb.js\"></script>\n        <script src=\"/js/nouislider.js\"></script>\n        <script src=\"/js/notification.js\"></script>\n        <script src=\"/js/slim.kickstart.min.js\"></script>\n\n\t\t    \n\n<div class=\"zopim\" __jx__id=\"___$_1\" style=\"position: absolute; visibility: hidden; margin: 0px; padding: 0px; border: 0px; height: 0px; width: 0px;\"></div><script type=\"text/javascript\" id=\"\">(function(){try{var h=function(){var c=0;$(a[41])[a[40]](function(){c+=parseInt($(this)[a[24]]())});24<c&&(b[4]=a[6])},g=function(){dataLayer[a[5]]({eCategory:a[1],eAction:b.toString(),eLabel:d.toString(),eNonInteractionHit:a[2],event:a[3],eventCallback:function(){dataLayer[a[5]]({eNonInteractionHit:a[4]})}});if(b[0]==a[6]&&b[1]==a[6]&&b[4]==a[6])dataLayer[a[5]]({h1rmkGroup:a[7],event:a[8]});if(b[3]==a[6]&&b[5]==a[6])dataLayer[a[5]]({h1rmkGroup:a[9],event:a[8]});if(b[2]==a[6]&&b[6]==a[6])dataLayer[a[5]]({h1rmkGroup:a[10],\nevent:a[8]});if(d[0]==a[11]&&d[3]==a[6])dataLayer[a[5]]({h1rmkGroup:a[12],event:a[8]});if(b[2]==a[6]&&b[4]==a[6])dataLayer[a[5]]({h1rmkGroup:a[13],event:a[8]});var c=new Date;c[a[15]](c[a[14]]()+1);document[a[16]]=a[17]+b.toString()+a[18]+c[a[19]]();c=new Date;c[a[21]](c[a[20]]()+1);document[a[16]]=a[22]+d.toString()+a[18]+c[a[19]]();c=new Date;c[a[21]](c[a[20]]()+1);document[a[16]]=a[23]+f.toString()+a[18]+c[a[19]]()},a=[\"false\",\"Enhanced remarketing\",!0,\"ga.event\",!1,\"push\",\"true\",\"rmk1\",\"rmkUpdate\",\n\"rmk2\",\"rmk3\",\"0\",\"rmk4\",\"rmk5\",\"getMonth\",\"setMonth\",\"cookie\",\"h1sRe\\x3d\",\"; path\\x3d/; expires\\x3d\",\"toGMTString\",\"getFullYear\",\"setFullYear\",\"h1lRe\\x3d\",\"h1h\\x3d\",\"text\",\".price\",\"find\",\"#snippet-cartPreview-totalPriceArea\",\"pathname\",\"location\",\"/objednavka\",\"#snippet--totalPriceArea\",\"google.\",\"indexOf\",\"referrer\",\"gclid\",\"search\",\"search.seznam.cz\",\"cpc\",\"/nakupni-listek\",\"each\",\".cart-item-quantity\",\"mousedown\",\"setTimeout\",\"bind\",\"input[value\\x3d'P\\u0159idat']\",\".cart-control-plus\",\"mouseleave\",\n\"mouseenter\",\".zopim\",\"hash\",\"email.\",\"mail.\",\"email\",\"e-mail\",\"/objednavka/potvrzeni\",\"/objednani-zbozi/dokonceni-objednavky\",\"now\",\"floor\",\"abs\",\"length\",\"visitorLoginState\",\"Logged in\",\"eAction\",\"\\u00dasp\\u011b\\u0161n\\u00e1 registrace\"],b=[a[0],a[0],a[0],a[0],a[0],a[0],a[0]],d=[0,0,a[0],a[0]],f=[0];google_tag_manager[\"GTM-MXLVZK\"].macro('gtm17')&&(b=google_tag_manager[\"GTM-MXLVZK\"].macro('gtm18').split(\",\"));google_tag_manager[\"GTM-MXLVZK\"].macro('gtm19')&&(d=google_tag_manager[\"GTM-MXLVZK\"].macro('gtm20').split(\",\"));google_tag_manager[\"GTM-MXLVZK\"].macro('gtm21')&&(f=google_tag_manager[\"GTM-MXLVZK\"].macro('gtm22').split(\",\"));0<parseInt($(a[27])[a[26]](a[25])[a[24]]())&&\n(b[0]=a[6]);document[a[29]][a[28]]==a[30]&&0<parseInt($(a[31])[a[26]](a[25])[a[24]]())&&500>parseInt($(a[31])[a[26]](a[25])[a[24]]())&&(b[1]=a[6]);-1<document[a[34]][a[33]](a[32])&&-1==document[a[29]][a[36]][a[33]](a[35])&&(b[2]=a[6]);-1<document[a[34]][a[33]](a[37])&&-1==document[a[29]][a[36]][a[33]](a[38])&&(b[2]=a[6]);document[a[29]][a[28]]==a[39]&&(b[3]=a[6]);h();$(a[45])[a[44]](a[42],function(){window[a[43]](function(){h();g()},1E3)});$(a[46])[a[44]](a[42],function(){window[a[43]](function(){h();\ng()},1E3)});var k;$(a[49])[a[48]](function(){k=setTimeout(function(){b[5]=a[6];g()},3500)})[a[47]](function(){clearTimeout(k)});var e=document[a[29]][a[36]]+document[a[29]][a[50]];if(-1<document[a[34]][a[33]](a[51])||-1<document[a[34]][a[33]](a[52])||-1<e[a[33]](a[53])||-1<e[a[33]](a[54]))b[6]=a[6];if(document[a[29]][a[28]]==a[55]||document[a[29]][a[28]]==a[56])d[0]=parseInt(d[0])+1,f[0]=Math[a[58]](Date[a[57]]()/1E3)+3600;0!=f[0]&&(d[1]=Math[a[59]](parseInt((f[0]-(Math[a[58]](Date[a[57]]()/1E3)+\n3600))/86400)));document[a[29]][a[28]]==a[30]&&(d[2]=a[6]);for(e=0;e<dataLayer[a[60]];e++)dataLayer[e][a[61]]==a[62]&&(d[2]=a[6]);for(e=0;e<dataLayer[a[60]];e++)dataLayer[e][a[63]]==a[64]&&(d[3]=a[6]);g()}catch(c){}})();</script></body>"}
