{"link":"kraeuterhaus.de","html":"<!--<![endif]--><head>\n        <base href=\"https://www.kraeuterhaus.de/\">\n\n        <iframe src=\"https://www.remintrex.com/ceng/pub/c-belboon.html?advertiserId=13652&amp;pageType=home\" scrolling=\"no\" width=\"0\" height=\"0\"></iframe><script async=\"\" id=\"kp_mtr\" src=\"https://mastertag.kpcustomer.de/?custid=24361&amp;kp_load_heias_pixel=0&amp;kp_load_neory_pixel=0&amp;kp_load_piggybacks=1&amp;kp_load_conversiontags=0&amp;kp_load_on_valid_product_id_only=0&amp;kp_site=startpage&amp;kp_queries=cbp&amp;kp_uses_full_category=0&amp;t=9301559902382960000\"></script><script type=\"text/javascript\" async=\"\" src=\"https://track.adform.net/serving/scripts/trackpoint/async/\"></script><script async=\"true\" type=\"text/javascript\" src=\"https://sslwidget.criteo.com/event?a=25251&amp;v=4.1.0&amp;p0=e%3Dexd%26site_type%3Dd&amp;p1=e%3Dce%26m%3D%255Bd41d8cd98f00b204e9800998ecf8427e%255D&amp;p2=e%3Dvh%26si%3D0&amp;p3=e%3Ddis&amp;adce=1\" data-owner=\"criteo-tag\"></script><script async=\"\" src=\"//www.google-analytics.com/analytics.js\"></script><script src=\"//bat.bing.com/bat.js\" async=\"\"></script><script async=\"\" src=\"https://containertags.belboon.de/belboonTag.js.php?pId=13652&amp;page=start&amp;type=dynamic\"></script><script src=\"https://connect.facebook.net/signals/config/1577027689288430?v=stable\" async=\"\"></script><script async=\"\" src=\"//connect.facebook.net/en_US/fbevents.js\"></script><script>\n            if (top !== self) {\n                top.location.replace(self.location.href);\n            }\n\n            window.name = \"abed1cdd748b683594d2ea4d20f080dbdfa10bc7\";\n            var token = \"566fc6a905f7848d45061a4e666c9f66e7508cc8\";\n            var categoriesVisible = false;\n        </script>\n\n        <meta charset=\"utf-8\">\n        <meta http-equiv=\"X-UA-Compatible\" content=\"IE=edge,chrome=1\">\n\n        <title>Kräuterhaus Online-Shop | Nahrungsergänzung | Kosmetik</title>\n\n        <meta name=\"author\" content=\"Interface Medien GmbH - www.interface-medien.de\">\n        <meta name=\"publisher\" content=\"Interface Medien GmbH - www.interface-medien.de\">\n        <meta name=\"copyright\" content=\"\">\n        <meta name=\"description\" content=\"Naturheilmittel, Körperpflegeprodukte und Nahrungsergänzungsmittel. Eigene Herstellung. Jetzt kaufen im Kräuterhaus Online-Shop. Willkommensgeschenk!\">\n\n        <link rel=\"canonical\" href=\"https://www.kraeuterhaus.de/\">\n<link rel=\"alternate\" hreflang=\"de\" href=\"https://www.kraeuterhaus.de/\">\n<link rel=\"alternate\" hreflang=\"en\" href=\"https://www.kraeuterhaus.com/\">\n<link rel=\"alternate\" hreflang=\"it\" href=\"https://www.sanct-bernhard.it/\">\n<link rel=\"alternate\" hreflang=\"fr\" href=\"https://www.sanct-bernhard.fr/\">\n        \n\n        <meta name=\"viewport\" content=\"width=device-width, initial-scale=1\">\n\n        <link rel=\"apple-touch-icon\" sizes=\"57x57\" href=\"/skins/website/en/images/favicon/apple-touch-icon-57x57.png\">\n        <link rel=\"apple-touch-icon\" sizes=\"60x60\" href=\"/skins/website/en/images/favicon/apple-touch-icon-60x60.png\">\n        <link rel=\"apple-touch-icon\" sizes=\"72x72\" href=\"/skins/website/en/images/favicon/apple-touch-icon-72x72.png\">\n        <link rel=\"apple-touch-icon\" sizes=\"76x76\" href=\"/skins/website/en/images/favicon/apple-touch-icon-76x76.png\">\n        <link rel=\"apple-touch-icon\" sizes=\"114x114\" href=\"/skins/website/en/images/favicon/apple-touch-icon-114x114.png\">\n        <link rel=\"apple-touch-icon\" sizes=\"120x120\" href=\"/skins/website/en/images/favicon/apple-touch-icon-120x120.png\">\n        <link rel=\"apple-touch-icon\" sizes=\"144x144\" href=\"/skins/website/en/images/favicon/apple-touch-icon-144x144.png\">\n        <link rel=\"apple-touch-icon\" sizes=\"152x152\" href=\"/skins/website/en/images/favicon/apple-touch-icon-152x152.png\">\n        <link rel=\"apple-touch-icon\" sizes=\"180x180\" href=\"/skins/website/en/images/favicon/apple-touch-icon-180x180.png\">\n        <link rel=\"icon\" type=\"image/png\" href=\"/skins/website/en/images/favicon/favicon-32x32.png\" sizes=\"32x32\">\n        <link rel=\"icon\" type=\"image/png\" href=\"/skins/website/en/images/favicon/android-chrome-192x192.png\" sizes=\"192x192\">\n        <link rel=\"icon\" type=\"image/png\" href=\"/skins/website/en/images/favicon/favicon-96x96.png\" sizes=\"96x96\">\n        <link rel=\"icon\" type=\"image/png\" href=\"/skins/website/en/images/favicon/favicon-16x16.png\" sizes=\"16x16\">\n        <link rel=\"manifest\" href=\"/skins/website/en/images/favicon/manifest.json\">\n        <link rel=\"shortcut icon\" href=\"/skins/website/en/images/favicon/favicon.ico\">\n        <meta name=\"msapplication-TileColor\" content=\"#a5ca41\">\n        <meta name=\"msapplication-TileImage\" content=\"/skins/website/en/images/favicon/mstile-144x144.png\">\n        <meta name=\"msapplication-config\" content=\"/skins/website/en/images/favicon/browserconfig.xml\">\n        <meta name=\"theme-color\" content=\"#a5ca41\">\n\n        \n\n        <link href=\"skins/website/en/accessories/styles/screen_css_2017-03-13.php?login=FALSE&amp;reload=TRUE\" media=\"screen, projection\" rel=\"stylesheet\">\n        <link href=\"skins/website/en/accessories/styles/print_css.php\" media=\"print\" rel=\"stylesheet\">\n        <link href=\"skins/website/en/accessories/styles/scripts/jquery.ui/jquery.ui.css\" rel=\"stylesheet\">\n\n        <!--[if IE 8]>\n            <script src=\"skins/website/en/accessories/javascript/selectivizr-min.js\"></script>\n        <![endif]-->\n\n        <!--[if (gte IE 6)&(lte IE 8)]>\n            <link rel=\"stylesheet\" type=\"text/css\" href=\"skins/website/en/accessories/styles/lt_ie9.css\" />\n        <![endif]-->\n\n        <!--[if IE 9]>\n            <link href=\"skins/website/en/accessories/styles/ie9.css\" rel=\"stylesheet\" type=\"text/css\">\n        <![endif]-->\n\n        <script src=\"//ajax.googleapis.com/ajax/libs/jquery/1.11.1/jquery.min.js\"></script>\n        <script>window.jQuery || document.write('<script src=\"skins/website/en/accessories/javascript/jquery/jquery-1.11.1.min.js\"><\\/script>')</script>\n\n        <script src=\"skins/website/en/accessories/javascript/compress_js.php?date=20170301&amp;login=FALSE\"></script>\n\n        <script type=\"application/ld+json\">\n        {\n           \"@context\": \"http://schema.org\",\n           \"@type\": \"WebSite\",\n           \"url\": \"https://www.kraeuterhaus.de/\",\n           \"potentialAction\": {\n             \"@type\": \"SearchAction\",\n             \"target\": \"https://www.kraeuterhaus.de/?module=shop_articles&index[shop_articles][action]=overview&index[shop_articles][pattern]={index[shop_articles][pattern]}\",\n             \"query-input\": \"required name=index[shop_articles][pattern]\"\n           }\n        }\n        </script>\n\n        \n    <script src=\"https://track.adform.net/Serving/TrackPoint/?pm=875279&amp;ADFPageName=%23%23ECHTELIEBE2_TOKEN2%23%23&amp;ADFdivider=%7C&amp;ord=289204665057&amp;Set1=en-US%7Cen-US%7C1280x1024%7C24&amp;ADFtpmode=2&amp;loc=https%3A%2F%2Fwww.kraeuterhaus.de%2F&amp;atdt=sWa44j1e3NlY5BSo9z4ofjb75PaK4Vpjt4U_98uszHVyVxFAk.lzXJJIneGffLMC7EZ3QHPBirTYKUowRslzRQqwSM2Y.htev92bp_xtEK75t8lRkOexf7_OLgiPFMJhHFW_jftckkCoqAkCoq4ly_0x0uVMV0jftckcKyAd65hz7fwdGEM6uJ6o6e0T.5EwHXXTSHCSPmtd0wVYPIG_qvoPfybYb5EvYTrYesRN4jCMOFRygjj8ud.r8DAa2CMhO3f9p_nH1zDz.ICMpwoNMQhrbMlQmtI0ljU_HnbDgPyPBDjaY2ftckuyPBB2SCX0iakJEOMJmToeF0vMk.i.uJtHoqvynx9MsFyxYM9fekL4FGYiLLuFB8WN1RdGmX3ivkjoxbuJz3YMJ5tKSL1ke2SX3NlY5DucGY5BOgkLT0XxU..6nM\" async=\"\"></script></head>\n\n    <body id=\"content\" class=\"lang-de\">\n        <!--[if lt IE 7]>\n            <p class=\"chromeframe\">You are using an <strong>outdated</strong> browser. Please <a href=\"http://browsehappy.com/\">upgrade your browser</a> or <a href=\"http://www.google.com/chromeframe/?redirect=true\">activate Google Chrome Frame</a> to improve your experience.</p>\n        <![endif]-->\n\n        \n        <div class=\"main-wrapper website-skin\">\n        <header class=\"site-header\">\n        <!-- Top Navigation -->\n            <section class=\"topnav\">\n                <div class=\"container\">\n                    <div class=\"top-lang\">\n                        <nav class=\"nav-lang init-slidedown dd-toggled slidedown\">\n                            <a class=\"dropdown-toggle lang-de\" href=\"javascript:void(0);\"> <span class=\"caret\"></span></a>\n                            <ul style=\"display: none;\">\n                                <div class=\"triangle\"></div>\n                                <li class=\"lang-de\"><a href=\"https://www.kraeuterhaus.de/index.php?lang=de\">Deutsch</a></li>\n                                <li class=\"lang-en\"><a href=\"https://www.kraeuterhaus.com/index.php?lang=en\">English</a></li>\n                                <li class=\"lang-it\"><a href=\"https://www.sanct-bernhard.it/index.php?lang=it\">Italiano</a></li>\n                                <li class=\"lang-fr\"><a href=\"https://www.sanct-bernhard.fr/index.php?lang=fr\">Français</a></li>\n                            </ul>\n                        </nav>\n                    </div>\n                    <div class=\"top-meta\">\n                        <nav class=\"nav-meta nav-meta-desktop-static\">\n                            <ul class=\"navigation\">\n                                <li class=\"nav-meta-home\"><a href=\"https://www.kraeuterhaus.de/\">Home</a></li>\n                                <li class=\"nav-meta-shipping\"><a href=\"de/versandkosten\">Versandkosten</a></li>\n                            </ul>\n                        </nav>\n\n                        <nav class=\"nav-meta nav-meta-desktop-dropdown init-slidedown dd-toggled slidedown\">\n                            <a href=\"javascript:void(0);\" class=\"dropdown-toggle\">Service / Infos <span class=\"caret\"></span></a>\n                            <ul class=\"navigation\" style=\"display: none;\">\n                                <div class=\"triangle\"></div>\n                                <li class=\"nav-meta-newsletter\"><a href=\"index.php?module=newsletter_subscriber&amp;index[newsletter_subscriber][action]=edit\">Newsletter</a></li>\n                                \n                                    <li class=\"nav-meta-help\"><a href=\"de/hilfe\">Hilfe</a></li>\n                                \n                                <li class=\"nav-meta-faq\"><a href=\"de/faq\">FAQ</a></li>\n                                <li class=\"nav-meta-terms\"><a href=\"de/agb\">AGB</a></li>\n                                <li class=\"nav-meta-privacy\"><a href=\"de/datenschutz\">Datenschutz</a></li>\n                                <li class=\"nav-meta-privacy\"><a href=\"de/impressum\">Impressum</a></li>\n                                <li class=\"nav-meta-contact\"><a href=\"de/kontakt\">Kontakt</a></li>\n                                <li class=\"nav-meta-route\"><a href=\"de/anfahrt\">Anfahrt</a></li>\n\n                            </ul>\n                        </nav>\n\n                        <nav class=\"nav-meta nav-meta-mobile init-slidedown dd-toggled slidedown\">\n                            <a href=\"javascript:void(0);\" class=\"dropdown-toggle\">Menü <span class=\"caret\"></span></a>\n                            <ul class=\"navigation\" style=\"display: none;\">\n                                <div class=\"triangle\"></div>\n                                <li class=\"nav-meta-home\"><a href=\"https://www.kraeuterhaus.de/\">Home</a></li>\n\n                                <li class=\"nav-meta-about\"><a href=\"http://image.kraeuterhaus.de\" target=\"_blank\">Alles über das Kräuterhaus</a></li>\n\n                                <li class=\"nav-meta-shipping\"><a href=\"de/versandkosten\">Versandkosten</a></li>\n                                <li class=\"nav-meta-newsletter\"><a href=\"index.php?module=newsletter_subscriber&amp;index[newsletter_subscriber][action]=edit\">Newsletter</a></li>\n                                \n                                    <li class=\"nav-meta-help\"><a href=\"de/hilfe\">Hilfe</a></li>\n                                \n                                <li class=\"nav-meta-faq\"><a href=\"de/faq\">FAQ</a></li>\n                                <li class=\"nav-meta-terms\"><a href=\"de/agb\">AGB</a></li>\n                                <li class=\"nav-meta-privacy\"><a href=\"de/datenschutz\">Datenschutz</a></li>\n                                <li class=\"nav-meta-contact\"><a href=\"de/kontakt\">Kontakt</a></li>\n                                <li class=\"nav-meta-route\"><a href=\"de/anfahrt\">Anfahrt</a></li>\n                        </ul></nav>\n                    </div>\n\n                    \n                    <div class=\"top-kundenkonto top-kundenkonto-1\">\n                        Mein Konto<br>\n                        <a class=\"more\" href=\"de/mein-konto\"><span class=\"cut\">Hier </span>anmelden<i class=\"sprite-rq_ltgreen\"></i></a>\n                    </div>\n                    \n\n                    <div class=\"top-about hide-4cols\">\n                        Alles über das<br>\n                        <a class=\"more\" href=\"http://image.kraeuterhaus.de\" target=\"_blank\">Kräuterhaus<i class=\"sprite-rq_ltgreen\"></i></a>\n                    </div>\n\n                    <div class=\"top-directorder optional-4cols\">\n                        <a href=\"de/direktbestellung\">Direkt<span class=\"cut\">-</span><strong>bestellung</strong><i class=\"sprite-rq_ltgreen\"></i></a>\n                    </div>\n\n\n                    <div class=\"top-cart dropdown\">\n                            \n\n        <span class=\"quantity\">0</span>\n        <span class=\"cut\">Preis: </span><span class=\"price\">0,00 €</span><br>\n        <a class=\"more\" href=\"index.php?module=shop_cart\"><span class=\"cut\">Zum </span>Warenkorb<i class=\"sprite-rq_ltgreen\"></i></a>\n\n        \n\n    \n\n                    </div>\n                </div>\n            </section>\n            <section class=\"main-header\">\n                <!-- Header -->\n                <div class=\"container\">\n                    <div class=\"header-big\">\n                        <a class=\"logo\" href=\"https://www.kraeuterhaus.de/\">Kräuterhaus Sanct Bernhard</a>\n                        <img class=\"print-block\" width=\"220\" height=\"87\" src=\"skins/website/en/images/logo-print.png\" title=\"Drucken\" alt=\"Drucken\">\n                        \n                            <h1>\n                                <span class=\"claim-part1\">Seit 1903 <strong>Naturheilmittel</strong></span>\n                                <span class=\"claim-part2\">und <strong>Kosmetik</strong> direkt vom Hersteller</span>\n                            </h1>\n                            \n                        <div class=\"search\">\n                            <form action=\"index.php\" id=\"livesearchform\" method=\"get\" onsubmit=\"$( '.action' , this ).val ( 'overview' );\"><input type=\"hidden\" name=\"token\" value=\"566fc6a905f7848d45061a4e666c9f66e7508cc8\">\n                                <input class=\"param\" type=\"hidden\" name=\"module\" value=\"shop_articles\">\n                                <input class=\"param action\" type=\"hidden\" name=\"index[shop_articles][action]\" value=\"livesearch\">\n                                <input class=\"param query query1 force\" type=\"search\" name=\"index[shop_articles][pattern]\" autocomplete=\"off\" placeholder=\"Suchbegriff\" value=\"\">\n                                <a class=\"submit\" href=\"javascript: $( '#livesearchform' ).submit();\"><i class=\"icon sprite-search_white\"></i></a>\n                            </form>\n\n                            <div class=\"result\"></div>\n                        </div>\n\n                        <a class=\"imagelink\" href=\"http://image.kraeuterhaus.de\" target=\"_blank\"><img src=\"skins/website/en/images/tuermchen_alpha.png\" alt=\"Alles über das Kräuterhaus\"></a>\n                    </div>\n                </div>\n            </section>\n        </header>\n        <nav class=\"nav-main\">\n            <div class=\"container\">\n                <div class=\"header-nav-part1\">\n\n                    <ul>\n    \n        <li id=\"nav-products-categories\" class=\"dd-toggled active\"><a class=\"dropdown-toggle active\" href=\"javascript:void(0);\">Produkt<span class=\"cut\">-</span><strong>kategorien&nbsp;<span class=\"caret\"></span></strong><div class=\"triangle\"></div></a>\n                    \n            <ul class=\"npc-first-level\">\n        \n\n        \n\n            \n\n                <li id=\"nav-products-categories-4\"><a href=\"javascript:void(0);\">Kapseln, Dragees, Tabletten<div class=\"caret\"></div></a>\n                                    <ul class=\"npc-second-level\">\n                    <div>\n                        \n\n                            <li id=\"nav-products-categories-7\"><a href=\"de/abwehrkraefte-immunsystem\">Abwehrkräfte, Immunsystem</a></li>\n\n                            \n                        \n\n                            <li id=\"nav-products-categories-14\"><a href=\"de/blase-und-harnwege\">Blase und Harnwege</a></li>\n\n                            \n                        \n\n                            <li id=\"nav-products-categories-16\"><a href=\"de/cholesterin\">Cholesterin</a></li>\n\n                            \n                        \n\n                            <li id=\"nav-products-categories-17\"><a href=\"de/diabetiker\">Diabetiker</a></li>\n\n                            \n                        \n\n                            <li id=\"nav-products-categories-18\"><a href=\"de/gedaechtnis-und-konzentration\">Gedächtnis und Konzentration</a></li>\n\n                            \n                        \n\n                            <li id=\"nav-products-categories-13\"><a href=\"de/haut-haare-naegel\">Haut, Haare, Nägel</a></li>\n\n                            \n                        \n\n                            <li id=\"nav-products-categories-12\"><a href=\"de/herz-und-kreislauf\">Herz und Kreislauf</a></li>\n\n                            \n                                </div><div>\n                            \n                        \n\n                            <li id=\"nav-products-categories-15\"><a href=\"de/knochen-und-gelenke\">Knochen und Gelenke</a></li>\n\n                            \n                        \n\n                            <li id=\"nav-products-categories-10\"><a href=\"de/muskeln\">Muskeln</a></li>\n\n                            \n                        \n\n                            <li id=\"nav-products-categories-5\"><a href=\"de/nerven\">Nerven</a></li>\n\n                            \n                        \n\n                            <li id=\"nav-products-categories-11\"><a href=\"de/sehen-und-hoeren\">Sehen und Hören</a></li>\n\n                            \n                        \n\n                            <li id=\"nav-products-categories-8\"><a href=\"de/stoffwechsel\">Stoffwechsel</a></li>\n\n                            \n                        \n\n                            <li id=\"nav-products-categories-6\"><a href=\"de/verdauung\">Verdauung</a></li>\n\n                            \n                        \n\n                            <li id=\"nav-products-categories-9\"><a href=\"de/sonstiges-\">Sonstiges </a></li>\n\n                            \n                        \n                    </div>\n                </ul>\n                </li>\n\n            \n\n        \n\n            \n\n                <li id=\"nav-products-categories-19\"><a href=\"javascript:void(0);\">Gesunde Ernährung<div class=\"caret\"></div></a>\n                                    <ul class=\"npc-second-level\">\n                    <div>\n                        \n\n                            <li id=\"nav-products-categories-21\"><a href=\"de/fruechte-und-kraeutertee\">Früchtetee und Kräutertee</a></li>\n\n                            \n                        \n\n                            <li id=\"nav-products-categories-26\"><a href=\"de/gruen-und-schwarztee\">Grün- und Schwarztee</a></li>\n\n                            \n                        \n\n                            <li id=\"nav-products-categories-94\"><a href=\"de/kokosoel-/-kokos\">Kokosöl / Kokos</a></li>\n\n                            \n                        \n\n                            <li id=\"nav-products-categories-100\"><a href=\"de/muesli\">Müsli</a></li>\n\n                            \n                        \n\n                            <li id=\"nav-products-categories-96\"><a href=\"de/pflanzliche-suessen\">Pflanzliche Süßen</a></li>\n\n                            \n                        \n\n                            <li id=\"nav-products-categories-107\"><a href=\"de/protein\">Protein</a></li>\n\n                            \n                        \n\n                            <li id=\"nav-products-categories-25\"><a href=\"de/riegel-knabbereien\">Riegel, Knabbereien</a></li>\n\n                            \n                        \n\n                            <li id=\"nav-products-categories-27\"><a href=\"de/schokoladen\">Schokoladen</a></li>\n\n                            \n                                </div><div>\n                            \n                        \n\n                            <li id=\"nav-products-categories-23\"><a href=\"de/speiseoele\">Speiseöle</a></li>\n\n                            \n                        \n\n                            <li id=\"nav-products-categories-29\"><a href=\"de/stevia\">Stevia</a></li>\n\n                            \n                        \n\n                            <li id=\"nav-products-categories-95\"><a href=\"de/superfood\">Superfood</a></li>\n\n                            \n                        \n\n                            <li id=\"nav-products-categories-24\"><a href=\"de/suppen-sossen-und-gewuerze\">Suppen, Soßen und Gewürze</a></li>\n\n                            \n                        \n\n                            <li id=\"nav-products-categories-20\"><a href=\"de/sonstiges-1\">Sonstiges</a></li>\n\n                            \n                        \n\n                            <li id=\"nav-products-categories-98\"><a href=\"de/tee-topseller\">Tee  Topseller</a></li>\n\n                            \n                        \n\n                            <li id=\"nav-products-categories-28\"><a href=\"de/bonbons\"> Tradiions Bonbons</a></li>\n\n                            \n                        \n\n                            <li id=\"nav-products-categories-22\"><a href=\"de/vitalsaefte\">Vitalsäfte</a></li>\n\n                            \n                        \n                    </div>\n                </ul>\n                </li>\n\n            \n\n        \n\n            \n\n                <li id=\"nav-products-categories-30\"><a href=\"javascript:void(0);\">Kosmetik<div class=\"caret\"></div></a>\n                                    <ul class=\"npc-second-level\">\n                    <div>\n                        \n\n                            <li id=\"nav-products-categories-40\"><a href=\"de/duschen-und-baden\">Duschen und Baden</a></li>\n\n                            \n                        \n\n                            <li id=\"nav-products-categories-36\"><a href=\"de/fusspflege\">Fußpflege</a></li>\n\n                            \n                        \n\n                            <li id=\"nav-products-categories-32\"><a href=\"de/haarpflege\">Haarpflege</a></li>\n\n                            \n                        \n\n                            <li id=\"nav-products-categories-38\"><a href=\"de/hautpflege\">Hautpflege</a></li>\n\n                            \n                        \n\n                            <li id=\"nav-products-categories-31\"><a href=\"de/koerperpflege\">Körperpflege</a></li>\n\n                            \n                        \n\n                            <li id=\"nav-products-categories-33\"><a href=\"de/kur-und-oelbaeder\">Kur- und Ölbäder</a></li>\n\n                            \n                        \n\n                            <li id=\"nav-products-categories-34\"><a href=\"de/masken-und-peeling\">Masken und Peeling</a></li>\n\n                            \n                                </div><div>\n                            \n                        \n\n                            <li id=\"nav-products-categories-42\"><a href=\"de/oele\">Öle</a></li>\n\n                            \n                        \n\n                            <li id=\"nav-products-categories-41\"><a href=\"de/pflegeserien\">Pflegeserien</a></li>\n\n                            \n                        \n\n                            <li id=\"nav-products-categories-37\"><a href=\"de/seifen-und-reinigung\">Seifen und Reinigung</a></li>\n\n                            \n                        \n\n                            <li id=\"nav-products-categories-35\"><a href=\"de/sonnenschutz\">Sonnenschutz</a></li>\n\n                            \n                        \n\n                            <li id=\"nav-products-categories-39\"><a href=\"de/zahnpflege\">Zahnpflege</a></li>\n\n                            \n                        \n\n                            <li id=\"nav-products-categories-43\"><a href=\"de/sonstiges\">Sonstiges</a></li>\n\n                            \n                        \n                    </div>\n                </ul>\n                </li>\n\n            \n\n        \n\n            \n\n                <li id=\"nav-products-categories-44\"><a href=\"javascript:void(0);\">Weitere Spezialitäten<div class=\"caret\"></div></a>\n                                    <ul class=\"npc-second-level\">\n                    <div>\n                        \n\n                            <li id=\"nav-products-categories-46\"><a href=\"de/aetherische-oele\">Ätherische Öle</a></li>\n\n                            \n                        \n\n                            <li id=\"nav-products-categories-97\"><a href=\"de/erholsam-schlafen\">Erholsam schlafen</a></li>\n\n                            \n                        \n\n                            <li id=\"nav-products-categories-48\"><a href=\"de/tonikum\">Tonikum</a></li>\n\n                            \n                                </div><div>\n                            \n                        \n\n                            <li id=\"nav-products-categories-47\"><a href=\"de/besondere-pflege\">Besondere Pflege</a></li>\n\n                            \n                        \n\n                            <li id=\"nav-products-categories-50\"><a href=\"de/lektuere\">Lektüre</a></li>\n\n                            \n                        \n\n                            <li id=\"nav-products-categories-99\"><a href=\"de/spanische-weine\">Spanische Weine</a></li>\n\n                            \n                        \n                    </div>\n                </ul>\n                </li>\n\n            \n\n        \n\n        </ul>\n\n        </li>\n    \n        <li id=\"nav-products-topics\" class=\"dd-toggled\"><a class=\"dropdown-toggle\" href=\"javascript:void(0);\">Themen<span class=\"cut\">-</span><strong>bereiche&nbsp;<span class=\"caret\"></span></strong><div class=\"triangle\"></div></a>\n                    \n            <ul class=\"npt-first-level\" style=\"display: none;\">\n\n        \n\n        \n\n            \n\n                <div><li id=\"nav-products-categories-56\"><a href=\"de/abnehmen\">Abnehmen</a></li><li id=\"nav-products-categories-52\"><a href=\"de/aktiv3\">Aktiv³ - dein Fitnessplus</a></li><li id=\"nav-products-categories-54\"><a href=\"de/aloe-vera\">Aloe Vera</a></li><li id=\"nav-products-categories-53\"><a href=\"de/beine-und-venen\">Beine und Venen</a></li><li id=\"nav-products-categories-60\"><a href=\"de/bienen-erzeugnisse\">Bienen-Erzeugnisse</a></li><li id=\"nav-products-categories-63\"><a href=\"de/coenzym-q10\">Coenzym Q10</a></li><li id=\"nav-products-categories-57\"><a href=\"de/gelenke\">Gelenke</a></li><li id=\"nav-products-categories-62\"><a href=\"de/gesund-durch-den-winter\">Gesund durch den Winter</a></li></div>\n\n            \n\n        \n\n            \n\n                \n\n            \n\n        \n\n            \n\n                \n\n            \n\n        \n\n            \n\n                \n\n            \n\n        \n\n            \n\n                \n\n            \n\n        \n\n            \n\n                \n\n            \n\n        \n\n            \n\n                \n\n            \n\n        \n\n            \n\n                \n\n            \n\n        \n\n            \n\n                <div><li id=\"nav-products-categories-65\"><a href=\"de/ginseng\">Ginseng</a></li><li id=\"nav-products-categories-55\"><a href=\"de/fuer-die-frau\">Für die Frau</a></li><li id=\"nav-products-categories-64\"><a href=\"de/fuer-den-mann\">Für den Mann</a></li><li id=\"nav-products-categories-58\"><a href=\"de/fuer-kinder\">Für Kinder</a></li><li id=\"nav-products-categories-106\"><a href=\"de/fuer-tiere\">Für Tiere - tierlieb Sanct Bernhard</a></li><li id=\"nav-products-categories-59\"><a href=\"de/minesan\">Minesan</a></li><li id=\"nav-products-categories-61\"><a href=\"de/noni\">Noni</a></li></div>\n\n            \n\n        \n\n            \n\n                \n\n            \n\n        \n\n            \n\n                \n\n            \n\n        \n\n            \n\n                \n\n            \n\n        \n\n            \n\n                \n\n            \n\n        \n\n            \n\n                \n\n            \n\n        \n\n            \n\n                \n\n            \n\n        \n\n        </ul>\n\n        </li>\n    \n</ul>\n\n                </div><div class=\"header-nav-part2 dd-toggled slidedown\">\n                    <a class=\"dropdown-toggle\" href=\"javascript:void(0);\">Weitere <strong>Produkte <span class=\"caret\"></span></strong></a>\n                    <ul style=\"display: none;\">\n                        <div class=\"triangle\"></div>\n\n                        <li id=\"nav-products-atoz\"><a href=\"de/produkte-von-a-bis-z\">Produkte <strong>von A bis Z</strong></a></li>\n                        <li id=\"nav-products-discounts\"><a href=\"de/sonderangebote\">Sonder<span class=\"cut\">-</span><strong>angebote</strong></a></li>\n                        <li id=\"nav-products-topseller\"><a href=\"de/topseller\">Top<span class=\"cut\">-</span><strong>seller</strong></a></li>\n                        <li id=\"nav-products-news\"><a href=\"de/produktneuheiten\">Produkt<span class=\"cut\">-</span><strong>neuheiten</strong></a></li>\n                        <li id=\"nav-products-remainders\"><a href=\"de/restposten\">Rest<span class=\"cut\">-</span><strong>posten</strong></a></li>\n                        <li id=\"nav-products-direct-order\" class=\"hide-3cols\"><a href=\"de/direktbestellung\">Direkt<span class=\"cut\">-</span><strong>bestellung</strong></a></li>\n                        <li id=\"nav-products-about-us\" class=\"js-slidedown slidedown slidedown--initialized\"><a href=\"javascript://\" class=\"slidedown-toggle\">Wir <strong>über uns <span class=\"caret\"></span></strong></a>\n                            <ul style=\"display: none;\">\n                                <div class=\"triangle\"></div>\n                                <li><a target=\"_blank\" href=\"http://image.kraeuterhaus.de\">Alles über das Kräuterhaus</a></li>\n                                <li><a target=\"_blank\" href=\"http://image.kraeuterhaus.de/index.php?module=viewer&amp;index[viewer][page]=profile_shop_offline\">Unsere Ladengeschäfte</a></li>\n                                <li><a target=\"_blank\" href=\"http://image.kraeuterhaus.de/index.php?module=viewer&amp;index[viewer][page]=profile_gallery\">Videos/Bilder</a></li>\n                                \n                                    <li><a target=\"_blank\" href=\"http://image.kraeuterhaus.de/index.php?module=viewer&amp;index[viewer][page]=profile_news\">Aktuelles</a></li>\n                                    <li><a target=\"_blank\" href=\"http://image.kraeuterhaus.de?index.php?module=viewer&amp;index[viewer][page]=profile_vacancies\">Stellenangebote</a></li>\n                                \n\n                            </ul>\n                        </li>\n                    </ul>\n                </div>\n            </div>\n        </nav>\n        <div id=\"content\"><!-- content -->\n\n    \n    \n    \n\n        <!-- Kategorien sind auf der Startseite per Default sichtbar -->\n<script>\n    var categoriesVisible = true;\n</script>\n<div class=\"page-home\">\n<section class=\"content-primary\">\n    <div class=\"container\">\n        <section class=\"home-intro\">\n            <div class=\"column1\">\n                &nbsp;\n            </div>\n            <div class=\"column2\">\n                \n   \n    \n\n       <div class=\"teaser-context teaser-context-welcomegift\">\n    <a href=\"de/mein-konto/kundenkonto-erstellen\" onclick=\"window.emosPropertiesEvent(\n{marker: 'Startseite/Neukundengeschenk_ID-02'}\">\n        <img src=\"temp/explorer/files/teaser/willkommensgeschenk_teaser_de.jpg\" border=\"0\" alt=\"Willkommensgeschenk\">\n        <span class=\"more\">Jetzt registrieren<i class=\"sprite-rq_yellow\"></i></span>\n    </a>\n</div>\n   \n    \n    \n\n\n            </div>\n            <div class=\"column3\">\n                <div class=\"teaser-dealoftheweek\">\n                    \n    \n    <a onclick=\"window.emosPropertiesEvent({marker: 'Startseite/Angebot_der_Woche_ID-20'})\" href=\"de/sweet-nature-erythrit-zuckerersatz\">\n<img src=\"temp/imageapi/angebote--458_Erythrit_BIG_de-3edc71.jpg\" width=\"460\" height=\"240\" class=\"noscale\">\n\n</a>\n    \n\n                \n                <br></div>\n            </div>\n        </section>\n\n        <section class=\"home-main\">\n            <div class=\"teaser-products-deals\">\n                <h2 class=\"box-title\">\n                    Sonderangebote\n                    <a class=\"more\" href=\"de/sonderangebote\">Alle Sonderangebote<i class=\"sprite-rq_white\"></i></a>\n                </h2>\n                <div class=\"box-content\">\n                    \n<a id=\"rnd58fb24d25a3cb-prev\" class=\"prev cycle-control-elem\"><i class=\"fa fa-chevron-left\"></i></a>\n<a id=\"rnd58fb24d25a3cb-next\" class=\"next cycle-control-elem\"><i class=\"fa fa-chevron-right\"></i></a>\n\n<div class=\"articles-carousel cycle-slideshow rnd58fb24d25a3cb-slideshow\" data-cycle-fx=\"carousel\" data-cycle-timeout=\"0\" data-allow-wrap=\"true\" data-cycle-slides=\"> .slide-elem\" data-cycle-prev=\"#rnd58fb24d25a3cb-prev\" data-cycle-next=\"#rnd58fb24d25a3cb-next\" data-cycle-swipe=\"true\" data-cycle-swipe-fx=\"carousel\" data-cycle-speed=\"250\" style=\"position: relative; overflow: hidden;\"><div class=\"slide-elem cycle-slide cycle-sentinel\" style=\"position: static; top: 0px; left: 0px; z-index: 100; opacity: 1; display: block; visibility: hidden;\">\n        <article class=\"articles-repeater\" style=\"visibility: hidden;\">\n            <div class=\"articles-image\" style=\"visibility: hidden;\">\n                \n                    <img src=\"temp/explorer/files/badges/badge_2for1_de.png\" border=\"0\" class=\"badge-discount\" style=\"visibility: hidden;\">\n                \n\n                <a href=\"de/aktiv3-calcium-magnesium-tabletten\" title=\"Aktiv³ Calcium-Magnesium-Tabletten\" style=\"visibility: hidden;\"><img src=\"temp/imageapi/produkte-2500-2599--2501-1041d6.jpg\" width=\"200\" height=\"200\" alt=\"Aktiv³ Calcium-Magnesium-Tabletten\" class=\"noscale\" style=\"visibility: hidden;\"></a>\n            </div>\n\n            <div class=\"articles-text\" style=\"visibility: hidden;\">\n\n                <h3 class=\"articles-title\" style=\"visibility: hidden;\"><a href=\"de/aktiv3-calcium-magnesium-tabletten\" style=\"visibility: hidden;\">Aktiv³ Calcium-Magnesium-Tabletten</a></h3>\n\n                \n    \n    \n\n        <div class=\"articles-data\" style=\"visibility: hidden;\">\n            \n                <span class=\"articles-unit\" style=\"visibility: hidden;\">400 Tabletten</span>\n            \n            \n                \n                    <span class=\"articles-price \" style=\"visibility: hidden;\">8,50 €</span>\n                    <span class=\"articles-basic-rate\" style=\"visibility: hidden;\"></span>\n                \n            \n        </div>\n\n        <input type=\"hidden\" value=\"1\" style=\"visibility: hidden;\">\n\n       <!-- <div class=\"btn-group articles-buttons\">\n            <a href=\"javascript:void(0);\" class=\"btn btn-primary\" onclick=\"erisx_AddToCart(1165);\"><i class=\"icon sprite-addtocart\"></i> In den Warenkorb</a>\n            <a class=\"btn btn-green btn-details\" href=\"de/aktiv3-calcium-magnesium-tabletten\">i</a>\n            <br />Vorrätig - in 2-4 Werktagen bei Ihnen*\n        </div>-->\n\n\n\n            </div>\n        </article>\n        </div><div class=\"cycle-carousel-wrap\" style=\"margin: 0px; padding: 0px; top: 0px; left: -2200px; position: absolute; white-space: nowrap;\"><div class=\"slide-elem cycle-slide\" style=\"position: static; top: 0px; left: 0px; z-index: 100; opacity: 1; display: inline-block; visibility: visible;\">\n        <article class=\"articles-repeater\">\n            <div class=\"articles-image\">\n                \n                    <img src=\"temp/explorer/files/badges/badge_2for1_de.png\" border=\"0\" class=\"badge-discount\">\n                \n\n                <a href=\"de/aktiv3-calcium-magnesium-tabletten\" title=\"Aktiv³ Calcium-Magnesium-Tabletten\"><img src=\"temp/imageapi/produkte-2500-2599--2501-1041d6.jpg\" width=\"200\" height=\"200\" alt=\"Aktiv³ Calcium-Magnesium-Tabletten\" class=\"noscale\"></a>\n            </div>\n\n            <div class=\"articles-text\">\n\n                <h3 class=\"articles-title\"><a href=\"de/aktiv3-calcium-magnesium-tabletten\">Aktiv³ Calcium-Magnesium-Tabletten</a></h3>\n\n                \n    \n    \n\n        <div class=\"articles-data\">\n            \n                <span class=\"articles-unit\">400 Tabletten</span>\n            \n            \n                \n                    <span class=\"articles-price \">8,50 €</span>\n                    <span class=\"articles-basic-rate\"></span>\n                \n            \n        </div>\n\n        <input type=\"hidden\" id=\"amount_1165\" value=\"1\">\n\n       <!-- <div class=\"btn-group articles-buttons\">\n            <a href=\"javascript:void(0);\" class=\"btn btn-primary\" onclick=\"erisx_AddToCart(1165);\"><i class=\"icon sprite-addtocart\"></i> In den Warenkorb</a>\n            <a class=\"btn btn-green btn-details\" href=\"de/aktiv3-calcium-magnesium-tabletten\">i</a>\n            <br />Vorrätig - in 2-4 Werktagen bei Ihnen*\n        </div>-->\n\n\n\n            </div>\n        </article>\n        </div><div class=\"slide-elem cycle-slide\" style=\"position: static; top: 0px; left: 0px; z-index: 99; display: inline-block;\">\n        <article class=\"articles-repeater\">\n            <div class=\"articles-image\">\n                \n                    <img src=\"temp/explorer/files/badges/badge_2for1_de.png\" border=\"0\" class=\"badge-discount\">\n                \n\n                <a href=\"de/aktiv3-regeneration-mineraldrink-premium\" title=\"Aktiv³ Regeneration Mineraldrink-Premium\"><img src=\"temp/imageapi/produkte-2500-2599--2537-fea6f6.jpg\" width=\"200\" height=\"200\" alt=\"Aktiv³ Regeneration Mineraldrink-Premium\" class=\"noscale\"></a>\n            </div>\n\n            <div class=\"articles-text\">\n\n                <h3 class=\"articles-title\"><a href=\"de/aktiv3-regeneration-mineraldrink-premium\">Aktiv³ Regeneration Mineraldrink-Premium</a></h3>\n\n                \n    \n    \n\n        <div class=\"articles-data\">\n            \n                <span class=\"articles-unit\">750-g-Dose</span>\n            \n            \n                \n                    <span class=\"articles-price \">15,00 €</span>\n                    <span class=\"articles-basic-rate\">(je 1 kg = 20,00 €)<br></span>\n                \n            \n        </div>\n\n        <input type=\"hidden\" id=\"amount_1498\" value=\"1\">\n\n       <!-- <div class=\"btn-group articles-buttons\">\n            <a href=\"javascript:void(0);\" class=\"btn btn-primary\" onclick=\"erisx_AddToCart(1498);\"><i class=\"icon sprite-addtocart\"></i> In den Warenkorb</a>\n            <a class=\"btn btn-green btn-details\" href=\"de/aktiv3-regeneration-mineraldrink-premium\">i</a>\n            <br />Vorrätig - in 2-4 Werktagen bei Ihnen*\n        </div>-->\n\n\n\n            </div>\n        </article>\n        </div><div class=\"slide-elem cycle-slide\" style=\"position: static; top: 0px; left: 0px; z-index: 97; display: inline-block;\">\n        <article class=\"articles-repeater\">\n            <div class=\"articles-image\">\n                \n                    <img src=\"temp/explorer/files/badges/badge_2for1_de.png\" border=\"0\" class=\"badge-discount\">\n                \n\n                <a href=\"de/vitamin-b12-supra-100-tabletten\" title=\"Vitamin-B12-Supra-100-Tabletten\"><img src=\"temp/imageapi/produkte-0100-0199--118-6f2200.jpg\" width=\"200\" height=\"200\" alt=\"Vitamin-B12-Supra-100-Tabletten\" class=\"noscale\"></a>\n            </div>\n\n            <div class=\"articles-text\">\n\n                <h3 class=\"articles-title\"><a href=\"de/vitamin-b12-supra-100-tabletten\">Vitamin-B12-Supra-100-Tabletten</a></h3>\n\n                \n    \n    \n\n        <div class=\"articles-data\">\n            \n                <span class=\"articles-unit\">240 Tabletten für 4 Monate</span>\n            \n            \n                \n                    <span class=\"articles-price \">6,50 €</span>\n                    <span class=\"articles-basic-rate\"></span>\n                \n            \n        </div>\n\n        <input type=\"hidden\" id=\"amount_1623\" value=\"1\">\n\n       <!-- <div class=\"btn-group articles-buttons\">\n            <a href=\"javascript:void(0);\" class=\"btn btn-primary\" onclick=\"erisx_AddToCart(1623);\"><i class=\"icon sprite-addtocart\"></i> In den Warenkorb</a>\n            <a class=\"btn btn-green btn-details\" href=\"de/vitamin-b12-supra-100-tabletten\">i</a>\n            <br />Vorrätig - in 2-4 Werktagen bei Ihnen*\n        </div>-->\n\n\n\n            </div>\n        </article>\n        </div><div class=\"slide-elem cycle-slide\" style=\"position: static; top: 0px; left: 0px; z-index: 96; display: inline-block;\">\n        <article class=\"articles-repeater\">\n            <div class=\"articles-image\">\n                \n                    <img src=\"temp/explorer/files/badges/badge_3for2_de.png\" border=\"0\" class=\"badge-discount\">\n                \n\n                <a href=\"de/calciumvitamin-d3-tabletten\" title=\"Calcium+Vitamin-D3-Tabletten\"><img src=\"temp/imageapi/produkte-1400-1499--1465-8580d4.jpg\" width=\"200\" height=\"200\" alt=\"Calcium+Vitamin-D3-Tabletten\" class=\"noscale\"></a>\n            </div>\n\n            <div class=\"articles-text\">\n\n                <h3 class=\"articles-title\"><a href=\"de/calciumvitamin-d3-tabletten\">Calcium+Vitamin-D3-Tabletten</a></h3>\n\n                \n    \n    \n\n        <div class=\"articles-data\">\n            \n                <span class=\"articles-unit\">150 Tabletten für 2 1/2 Monate</span>\n            \n            \n                \n                    <span class=\"articles-price \">4,95 €</span>\n                    <span class=\"articles-basic-rate\"></span>\n                \n            \n        </div>\n\n        <input type=\"hidden\" id=\"amount_1203\" value=\"1\">\n\n       <!-- <div class=\"btn-group articles-buttons\">\n            <a href=\"javascript:void(0);\" class=\"btn btn-primary\" onclick=\"erisx_AddToCart(1203);\"><i class=\"icon sprite-addtocart\"></i> In den Warenkorb</a>\n            <a class=\"btn btn-green btn-details\" href=\"de/calciumvitamin-d3-tabletten\">i</a>\n            <br />Vorrätig - in 2-4 Werktagen bei Ihnen*\n        </div>-->\n\n\n\n            </div>\n        </article>\n        </div><div class=\"slide-elem cycle-slide\" style=\"position: static; top: 0px; left: 0px; z-index: 95; display: inline-block;\">\n        <article class=\"articles-repeater\">\n            <div class=\"articles-image\">\n                \n\n                <a href=\"de/lactopro-kapseln\" title=\"Lactopro-Kapseln\"><img src=\"temp/imageapi/produkte-0100-0199--159-a69f07.jpg\" width=\"200\" height=\"200\" alt=\"Lactopro-Kapseln\" class=\"noscale\"></a>\n            </div>\n\n            <div class=\"articles-text\">\n\n                <h3 class=\"articles-title\"><a href=\"de/lactopro-kapseln\">Lactopro-Kapseln</a></h3>\n\n                \n    \n        <div class=\"percent\">-9%</div>\n    \n    \n\n        <div class=\"articles-data\">\n            \n                <span class=\"articles-unit\">100 Kapseln</span>\n            \n            \n                \n                    <span class=\"articles-price red\">15,00 €</span>\n                    <span class=\"articles-basic-rate\"></span>\n                \n            \n        </div>\n\n        <input type=\"hidden\" id=\"amount_408\" value=\"1\">\n\n       <!-- <div class=\"btn-group articles-buttons\">\n            <a href=\"javascript:void(0);\" class=\"btn btn-primary\" onclick=\"erisx_AddToCart(408);\"><i class=\"icon sprite-addtocart\"></i> In den Warenkorb</a>\n            <a class=\"btn btn-green btn-details\" href=\"de/lactopro-kapseln\">i</a>\n            <br />Vorrätig - in 2-4 Werktagen bei Ihnen*\n        </div>-->\n\n\n\n            </div>\n        </article>\n        </div><div class=\"slide-elem cycle-slide\" style=\"position: static; top: 0px; left: 0px; z-index: 94; display: inline-block;\">\n        <article class=\"articles-repeater\">\n            <div class=\"articles-image\">\n                \n\n                <a href=\"de/biotin-sb-tabletten-2-5-mg\" title=\"Biotin SB Tabletten 2,5 mg\"><img src=\"temp/imageapi/produkte-0100-0199--165-b0c4c8.jpg\" width=\"200\" height=\"200\" alt=\"Biotin SB Tabletten 2,5 mg\" class=\"noscale\"></a>\n            </div>\n\n            <div class=\"articles-text\">\n\n                <h3 class=\"articles-title\"><a href=\"de/biotin-sb-tabletten-2-5-mg\">Biotin SB Tabletten 2,5 mg</a></h3>\n\n                \n    \n        <div class=\"percent\">-25%</div>\n    \n    \n\n        <div class=\"articles-data\">\n            \n                <span class=\"articles-unit\">150 Tabletten à 2,5 mg Biotin</span>\n            \n            \n                \n                    <span class=\"articles-price red\">5,95 €</span>\n                    <span class=\"articles-basic-rate\"></span>\n                \n            \n        </div>\n\n        <input type=\"hidden\" id=\"amount_465\" value=\"1\">\n\n       <!-- <div class=\"btn-group articles-buttons\">\n            <a href=\"javascript:void(0);\" class=\"btn btn-primary\" onclick=\"erisx_AddToCart(465);\"><i class=\"icon sprite-addtocart\"></i> In den Warenkorb</a>\n            <a class=\"btn btn-green btn-details\" href=\"de/biotin-sb-tabletten-2-5-mg\">i</a>\n            <br />Vorrätig - in 2-4 Werktagen bei Ihnen*\n        </div>-->\n\n\n\n            </div>\n        </article>\n        </div><div class=\"slide-elem cycle-slide\" style=\"position: static; top: 0px; left: 0px; z-index: 93; display: inline-block;\">\n        <article class=\"articles-repeater\">\n            <div class=\"articles-image\">\n                \n\n                <a href=\"de/himalaya-badesalz-\" title=\"Badesalz, gemahlen\"><img src=\"temp/imageapi/produkte-0200-0299--219-d3b898.jpg\" width=\"200\" height=\"200\" alt=\"Badesalz, gemahlen\" class=\"noscale\"></a>\n            </div>\n\n            <div class=\"articles-text\">\n\n                <h3 class=\"articles-title\"><a href=\"de/himalaya-badesalz-\">Badesalz, gemahlen</a></h3>\n\n                \n    \n        <div class=\"percent\">-21%</div>\n    \n    \n\n        <div class=\"articles-data\">\n            \n                <span class=\"articles-unit\">2 Packungen à 1 kg</span>\n            \n            \n                \n                    <span class=\"articles-price red\">7,50 €</span>\n                    <span class=\"articles-basic-rate\">(je 1 kg = 3,75 €)<br></span>\n                \n            \n        </div>\n\n        <input type=\"hidden\" id=\"amount_511\" value=\"1\">\n\n       <!-- <div class=\"btn-group articles-buttons\">\n            <a href=\"javascript:void(0);\" class=\"btn btn-primary\" onclick=\"erisx_AddToCart(511);\"><i class=\"icon sprite-addtocart\"></i> In den Warenkorb</a>\n            <a class=\"btn btn-green btn-details\" href=\"de/himalaya-badesalz-\">i</a>\n            <br />Vorrätig - in 2-4 Werktagen bei Ihnen*\n        </div>-->\n\n\n\n            </div>\n        </article>\n        </div><div class=\"slide-elem cycle-slide\" style=\"position: static; top: 0px; left: 0px; z-index: 92; display: inline-block;\">\n        <article class=\"articles-repeater\">\n            <div class=\"articles-image\">\n                \n\n                <a href=\"de/kristall-salz-gemahlen\" title=\"Kristall-Salz gemahlen\"><img src=\"temp/imageapi/produkte-0200-0299--220-f44566.jpg\" width=\"200\" height=\"200\" alt=\"Kristall-Salz gemahlen\" class=\"noscale\"></a>\n            </div>\n\n            <div class=\"articles-text\">\n\n                <h3 class=\"articles-title\"><a href=\"de/kristall-salz-gemahlen\">Kristall-Salz gemahlen</a></h3>\n\n                \n    \n        <div class=\"percent\">-16%</div>\n    \n    \n\n        <div class=\"articles-data\">\n            \n                <span class=\"articles-unit\">2 kg (2 Packungen à 1 kg)</span>\n            \n            \n                \n                    <span class=\"articles-price red\">10,50 €</span>\n                    <span class=\"articles-basic-rate\">(je 1 kg = 5,25 €)<br></span>\n                \n            \n        </div>\n\n        <input type=\"hidden\" id=\"amount_512\" value=\"1\">\n\n       <!-- <div class=\"btn-group articles-buttons\">\n            <a href=\"javascript:void(0);\" class=\"btn btn-primary\" onclick=\"erisx_AddToCart(512);\"><i class=\"icon sprite-addtocart\"></i> In den Warenkorb</a>\n            <a class=\"btn btn-green btn-details\" href=\"de/kristall-salz-gemahlen\">i</a>\n            <br />Vorrätig - in 2-4 Werktagen bei Ihnen*\n        </div>-->\n\n\n\n            </div>\n        </article>\n        </div><div class=\"slide-elem cycle-slide\" style=\"position: static; top: 0px; left: 0px; z-index: 91; display: inline-block;\">\n        <article class=\"articles-repeater\">\n            <div class=\"articles-image\">\n                \n\n                <a href=\"de/tigerbalsam\" title=\"Tigerbalsam\"><img src=\"temp/imageapi/produkte-0200-0299--249-16d211.jpg\" width=\"200\" height=\"200\" alt=\"Tigerbalsam\" class=\"noscale\"></a>\n            </div>\n\n            <div class=\"articles-text\">\n\n                <h3 class=\"articles-title\"><a href=\"de/tigerbalsam\">Tigerbalsam</a></h3>\n\n                \n    \n        <div class=\"percent\">-16%</div>\n    \n    \n\n        <div class=\"articles-data\">\n            \n                <span class=\"articles-unit\">50 ml Glastiegel</span>\n            \n            \n                \n                    <span class=\"articles-price red\">7,50 €</span>\n                    <span class=\"articles-basic-rate\">(je 100 ml = 15,00 €)<br></span>\n                \n            \n        </div>\n\n        <input type=\"hidden\" id=\"amount_216\" value=\"1\">\n\n       <!-- <div class=\"btn-group articles-buttons\">\n            <a href=\"javascript:void(0);\" class=\"btn btn-primary\" onclick=\"erisx_AddToCart(216);\"><i class=\"icon sprite-addtocart\"></i> In den Warenkorb</a>\n            <a class=\"btn btn-green btn-details\" href=\"de/tigerbalsam\">i</a>\n            <br />Vorrätig - in 2-4 Werktagen bei Ihnen*\n        </div>-->\n\n\n\n            </div>\n        </article>\n        </div><div class=\"slide-elem cycle-slide\" style=\"position: static; top: 0px; left: 0px; z-index: 90; display: inline-block;\">\n        <article class=\"articles-repeater\">\n            <div class=\"articles-image\">\n                \n\n                <a href=\"de/ringelblumen-fluessigseife-1-liter\" title=\"Ringelblumen-Flüssigseife  1 Liter\"><img src=\"temp/imageapi/produkte-0200-0299--264-51514e.jpg\" width=\"200\" height=\"200\" alt=\"Ringelblumen-Flüssigseife  1 Liter\" class=\"noscale\"></a>\n            </div>\n\n            <div class=\"articles-text\">\n\n                <h3 class=\"articles-title\"><a href=\"de/ringelblumen-fluessigseife-1-liter\">Ringelblumen-Flüssigseife  1 Liter</a></h3>\n\n                \n    \n        <div class=\"percent\">-18%</div>\n    \n    \n\n        <div class=\"articles-data\">\n            \n                <span class=\"articles-unit\">1 Liter</span>\n            \n            \n                \n                    <span class=\"articles-price red\">6,50 €</span>\n                    <span class=\"articles-basic-rate\"></span>\n                \n            \n        </div>\n\n        <input type=\"hidden\" id=\"amount_11\" value=\"1\">\n\n       <!-- <div class=\"btn-group articles-buttons\">\n            <a href=\"javascript:void(0);\" class=\"btn btn-primary\" onclick=\"erisx_AddToCart(11);\"><i class=\"icon sprite-addtocart\"></i> In den Warenkorb</a>\n            <a class=\"btn btn-green btn-details\" href=\"de/ringelblumen-fluessigseife-1-liter\">i</a>\n            <br />Vorrätig - in 2-4 Werktagen bei Ihnen*\n        </div>-->\n\n\n\n            </div>\n        </article>\n        </div><div class=\"slide-elem cycle-slide\" style=\"position: static; top: 0px; left: 0px; z-index: 100; opacity: 1; display: inline-block; visibility: visible;\">\n        <article class=\"articles-repeater\">\n            <div class=\"articles-image\">\n                \n                    <img src=\"temp/explorer/files/badges/badge_2for1_de.png\" border=\"0\" class=\"badge-discount\">\n                \n\n                <a href=\"de/aktiv3-calcium-magnesium-tabletten\" title=\"Aktiv³ Calcium-Magnesium-Tabletten\"><img src=\"temp/imageapi/produkte-2500-2599--2501-1041d6.jpg\" width=\"200\" height=\"200\" alt=\"Aktiv³ Calcium-Magnesium-Tabletten\" class=\"noscale\"></a>\n            </div>\n\n            <div class=\"articles-text\">\n\n                <h3 class=\"articles-title\"><a href=\"de/aktiv3-calcium-magnesium-tabletten\">Aktiv³ Calcium-Magnesium-Tabletten</a></h3>\n\n                \n    \n    \n\n        <div class=\"articles-data\">\n            \n                <span class=\"articles-unit\">400 Tabletten</span>\n            \n            \n                \n                    <span class=\"articles-price \">8,50 €</span>\n                    <span class=\"articles-basic-rate\"></span>\n                \n            \n        </div>\n\n        <input type=\"hidden\" id=\"amount_1165\" value=\"1\">\n\n       <!-- <div class=\"btn-group articles-buttons\">\n            <a href=\"javascript:void(0);\" class=\"btn btn-primary\" onclick=\"erisx_AddToCart(1165);\"><i class=\"icon sprite-addtocart\"></i> In den Warenkorb</a>\n            <a class=\"btn btn-green btn-details\" href=\"de/aktiv3-calcium-magnesium-tabletten\">i</a>\n            <br />Vorrätig - in 2-4 Werktagen bei Ihnen*\n        </div>-->\n\n\n\n            </div>\n        </article>\n        </div><div class=\"slide-elem cycle-slide\" style=\"position: static; top: 0px; left: 0px; z-index: 99; display: inline-block;\">\n        <article class=\"articles-repeater\">\n            <div class=\"articles-image\">\n                \n                    <img src=\"temp/explorer/files/badges/badge_2for1_de.png\" border=\"0\" class=\"badge-discount\">\n                \n\n                <a href=\"de/aktiv3-regeneration-mineraldrink-premium\" title=\"Aktiv³ Regeneration Mineraldrink-Premium\"><img src=\"temp/imageapi/produkte-2500-2599--2537-fea6f6.jpg\" width=\"200\" height=\"200\" alt=\"Aktiv³ Regeneration Mineraldrink-Premium\" class=\"noscale\"></a>\n            </div>\n\n            <div class=\"articles-text\">\n\n                <h3 class=\"articles-title\"><a href=\"de/aktiv3-regeneration-mineraldrink-premium\">Aktiv³ Regeneration Mineraldrink-Premium</a></h3>\n\n                \n    \n    \n\n        <div class=\"articles-data\">\n            \n                <span class=\"articles-unit\">750-g-Dose</span>\n            \n            \n                \n                    <span class=\"articles-price \">15,00 €</span>\n                    <span class=\"articles-basic-rate\">(je 1 kg = 20,00 €)<br></span>\n                \n            \n        </div>\n\n        <input type=\"hidden\" id=\"amount_1498\" value=\"1\">\n\n       <!-- <div class=\"btn-group articles-buttons\">\n            <a href=\"javascript:void(0);\" class=\"btn btn-primary\" onclick=\"erisx_AddToCart(1498);\"><i class=\"icon sprite-addtocart\"></i> In den Warenkorb</a>\n            <a class=\"btn btn-green btn-details\" href=\"de/aktiv3-regeneration-mineraldrink-premium\">i</a>\n            <br />Vorrätig - in 2-4 Werktagen bei Ihnen*\n        </div>-->\n\n\n\n            </div>\n        </article>\n        </div><div class=\"slide-elem cycle-slide\" style=\"position: static; top: 0px; left: 0px; z-index: 97; display: inline-block;\">\n        <article class=\"articles-repeater\">\n            <div class=\"articles-image\">\n                \n                    <img src=\"temp/explorer/files/badges/badge_2for1_de.png\" border=\"0\" class=\"badge-discount\">\n                \n\n                <a href=\"de/vitamin-b12-supra-100-tabletten\" title=\"Vitamin-B12-Supra-100-Tabletten\"><img src=\"temp/imageapi/produkte-0100-0199--118-6f2200.jpg\" width=\"200\" height=\"200\" alt=\"Vitamin-B12-Supra-100-Tabletten\" class=\"noscale\"></a>\n            </div>\n\n            <div class=\"articles-text\">\n\n                <h3 class=\"articles-title\"><a href=\"de/vitamin-b12-supra-100-tabletten\">Vitamin-B12-Supra-100-Tabletten</a></h3>\n\n                \n    \n    \n\n        <div class=\"articles-data\">\n            \n                <span class=\"articles-unit\">240 Tabletten für 4 Monate</span>\n            \n            \n                \n                    <span class=\"articles-price \">6,50 €</span>\n                    <span class=\"articles-basic-rate\"></span>\n                \n            \n        </div>\n\n        <input type=\"hidden\" id=\"amount_1623\" value=\"1\">\n\n       <!-- <div class=\"btn-group articles-buttons\">\n            <a href=\"javascript:void(0);\" class=\"btn btn-primary\" onclick=\"erisx_AddToCart(1623);\"><i class=\"icon sprite-addtocart\"></i> In den Warenkorb</a>\n            <a class=\"btn btn-green btn-details\" href=\"de/vitamin-b12-supra-100-tabletten\">i</a>\n            <br />Vorrätig - in 2-4 Werktagen bei Ihnen*\n        </div>-->\n\n\n\n            </div>\n        </article>\n        </div><div class=\"slide-elem cycle-slide\" style=\"position: static; top: 0px; left: 0px; z-index: 96; display: inline-block;\">\n        <article class=\"articles-repeater\">\n            <div class=\"articles-image\">\n                \n                    <img src=\"temp/explorer/files/badges/badge_3for2_de.png\" border=\"0\" class=\"badge-discount\">\n                \n\n                <a href=\"de/calciumvitamin-d3-tabletten\" title=\"Calcium+Vitamin-D3-Tabletten\"><img src=\"temp/imageapi/produkte-1400-1499--1465-8580d4.jpg\" width=\"200\" height=\"200\" alt=\"Calcium+Vitamin-D3-Tabletten\" class=\"noscale\"></a>\n            </div>\n\n            <div class=\"articles-text\">\n\n                <h3 class=\"articles-title\"><a href=\"de/calciumvitamin-d3-tabletten\">Calcium+Vitamin-D3-Tabletten</a></h3>\n\n                \n    \n    \n\n        <div class=\"articles-data\">\n            \n                <span class=\"articles-unit\">150 Tabletten für 2 1/2 Monate</span>\n            \n            \n                \n                    <span class=\"articles-price \">4,95 €</span>\n                    <span class=\"articles-basic-rate\"></span>\n                \n            \n        </div>\n\n        <input type=\"hidden\" id=\"amount_1203\" value=\"1\">\n\n       <!-- <div class=\"btn-group articles-buttons\">\n            <a href=\"javascript:void(0);\" class=\"btn btn-primary\" onclick=\"erisx_AddToCart(1203);\"><i class=\"icon sprite-addtocart\"></i> In den Warenkorb</a>\n            <a class=\"btn btn-green btn-details\" href=\"de/calciumvitamin-d3-tabletten\">i</a>\n            <br />Vorrätig - in 2-4 Werktagen bei Ihnen*\n        </div>-->\n\n\n\n            </div>\n        </article>\n        </div><div class=\"slide-elem cycle-slide\" style=\"position: static; top: 0px; left: 0px; z-index: 95; display: inline-block;\">\n        <article class=\"articles-repeater\">\n            <div class=\"articles-image\">\n                \n\n                <a href=\"de/lactopro-kapseln\" title=\"Lactopro-Kapseln\"><img src=\"temp/imageapi/produkte-0100-0199--159-a69f07.jpg\" width=\"200\" height=\"200\" alt=\"Lactopro-Kapseln\" class=\"noscale\"></a>\n            </div>\n\n            <div class=\"articles-text\">\n\n                <h3 class=\"articles-title\"><a href=\"de/lactopro-kapseln\">Lactopro-Kapseln</a></h3>\n\n                \n    \n        <div class=\"percent\">-9%</div>\n    \n    \n\n        <div class=\"articles-data\">\n            \n                <span class=\"articles-unit\">100 Kapseln</span>\n            \n            \n                \n                    <span class=\"articles-price red\">15,00 €</span>\n                    <span class=\"articles-basic-rate\"></span>\n                \n            \n        </div>\n\n        <input type=\"hidden\" id=\"amount_408\" value=\"1\">\n\n       <!-- <div class=\"btn-group articles-buttons\">\n            <a href=\"javascript:void(0);\" class=\"btn btn-primary\" onclick=\"erisx_AddToCart(408);\"><i class=\"icon sprite-addtocart\"></i> In den Warenkorb</a>\n            <a class=\"btn btn-green btn-details\" href=\"de/lactopro-kapseln\">i</a>\n            <br />Vorrätig - in 2-4 Werktagen bei Ihnen*\n        </div>-->\n\n\n\n            </div>\n        </article>\n        </div><div class=\"slide-elem cycle-slide\" style=\"position: static; top: 0px; left: 0px; z-index: 94; display: inline-block;\">\n        <article class=\"articles-repeater\">\n            <div class=\"articles-image\">\n                \n\n                <a href=\"de/biotin-sb-tabletten-2-5-mg\" title=\"Biotin SB Tabletten 2,5 mg\"><img src=\"temp/imageapi/produkte-0100-0199--165-b0c4c8.jpg\" width=\"200\" height=\"200\" alt=\"Biotin SB Tabletten 2,5 mg\" class=\"noscale\"></a>\n            </div>\n\n            <div class=\"articles-text\">\n\n                <h3 class=\"articles-title\"><a href=\"de/biotin-sb-tabletten-2-5-mg\">Biotin SB Tabletten 2,5 mg</a></h3>\n\n                \n    \n        <div class=\"percent\">-25%</div>\n    \n    \n\n        <div class=\"articles-data\">\n            \n                <span class=\"articles-unit\">150 Tabletten à 2,5 mg Biotin</span>\n            \n            \n                \n                    <span class=\"articles-price red\">5,95 €</span>\n                    <span class=\"articles-basic-rate\"></span>\n                \n            \n        </div>\n\n        <input type=\"hidden\" id=\"amount_465\" value=\"1\">\n\n       <!-- <div class=\"btn-group articles-buttons\">\n            <a href=\"javascript:void(0);\" class=\"btn btn-primary\" onclick=\"erisx_AddToCart(465);\"><i class=\"icon sprite-addtocart\"></i> In den Warenkorb</a>\n            <a class=\"btn btn-green btn-details\" href=\"de/biotin-sb-tabletten-2-5-mg\">i</a>\n            <br />Vorrätig - in 2-4 Werktagen bei Ihnen*\n        </div>-->\n\n\n\n            </div>\n        </article>\n        </div><div class=\"slide-elem cycle-slide\" style=\"position: static; top: 0px; left: 0px; z-index: 93; display: inline-block;\">\n        <article class=\"articles-repeater\">\n            <div class=\"articles-image\">\n                \n\n                <a href=\"de/himalaya-badesalz-\" title=\"Badesalz, gemahlen\"><img src=\"temp/imageapi/produkte-0200-0299--219-d3b898.jpg\" width=\"200\" height=\"200\" alt=\"Badesalz, gemahlen\" class=\"noscale\"></a>\n            </div>\n\n            <div class=\"articles-text\">\n\n                <h3 class=\"articles-title\"><a href=\"de/himalaya-badesalz-\">Badesalz, gemahlen</a></h3>\n\n                \n    \n        <div class=\"percent\">-21%</div>\n    \n    \n\n        <div class=\"articles-data\">\n            \n                <span class=\"articles-unit\">2 Packungen à 1 kg</span>\n            \n            \n                \n                    <span class=\"articles-price red\">7,50 €</span>\n                    <span class=\"articles-basic-rate\">(je 1 kg = 3,75 €)<br></span>\n                \n            \n        </div>\n\n        <input type=\"hidden\" id=\"amount_511\" value=\"1\">\n\n       <!-- <div class=\"btn-group articles-buttons\">\n            <a href=\"javascript:void(0);\" class=\"btn btn-primary\" onclick=\"erisx_AddToCart(511);\"><i class=\"icon sprite-addtocart\"></i> In den Warenkorb</a>\n            <a class=\"btn btn-green btn-details\" href=\"de/himalaya-badesalz-\">i</a>\n            <br />Vorrätig - in 2-4 Werktagen bei Ihnen*\n        </div>-->\n\n\n\n            </div>\n        </article>\n        </div><div class=\"slide-elem cycle-slide\" style=\"position: static; top: 0px; left: 0px; z-index: 92; display: inline-block;\">\n        <article class=\"articles-repeater\">\n            <div class=\"articles-image\">\n                \n\n                <a href=\"de/kristall-salz-gemahlen\" title=\"Kristall-Salz gemahlen\"><img src=\"temp/imageapi/produkte-0200-0299--220-f44566.jpg\" width=\"200\" height=\"200\" alt=\"Kristall-Salz gemahlen\" class=\"noscale\"></a>\n            </div>\n\n            <div class=\"articles-text\">\n\n                <h3 class=\"articles-title\"><a href=\"de/kristall-salz-gemahlen\">Kristall-Salz gemahlen</a></h3>\n\n                \n    \n        <div class=\"percent\">-16%</div>\n    \n    \n\n        <div class=\"articles-data\">\n            \n                <span class=\"articles-unit\">2 kg (2 Packungen à 1 kg)</span>\n            \n            \n                \n                    <span class=\"articles-price red\">10,50 €</span>\n                    <span class=\"articles-basic-rate\">(je 1 kg = 5,25 €)<br></span>\n                \n            \n        </div>\n\n        <input type=\"hidden\" id=\"amount_512\" value=\"1\">\n\n       <!-- <div class=\"btn-group articles-buttons\">\n            <a href=\"javascript:void(0);\" class=\"btn btn-primary\" onclick=\"erisx_AddToCart(512);\"><i class=\"icon sprite-addtocart\"></i> In den Warenkorb</a>\n            <a class=\"btn btn-green btn-details\" href=\"de/kristall-salz-gemahlen\">i</a>\n            <br />Vorrätig - in 2-4 Werktagen bei Ihnen*\n        </div>-->\n\n\n\n            </div>\n        </article>\n        </div><div class=\"slide-elem cycle-slide\" style=\"position: static; top: 0px; left: 0px; z-index: 91; display: inline-block;\">\n        <article class=\"articles-repeater\">\n            <div class=\"articles-image\">\n                \n\n                <a href=\"de/tigerbalsam\" title=\"Tigerbalsam\"><img src=\"temp/imageapi/produkte-0200-0299--249-16d211.jpg\" width=\"200\" height=\"200\" alt=\"Tigerbalsam\" class=\"noscale\"></a>\n            </div>\n\n            <div class=\"articles-text\">\n\n                <h3 class=\"articles-title\"><a href=\"de/tigerbalsam\">Tigerbalsam</a></h3>\n\n                \n    \n        <div class=\"percent\">-16%</div>\n    \n    \n\n        <div class=\"articles-data\">\n            \n                <span class=\"articles-unit\">50 ml Glastiegel</span>\n            \n            \n                \n                    <span class=\"articles-price red\">7,50 €</span>\n                    <span class=\"articles-basic-rate\">(je 100 ml = 15,00 €)<br></span>\n                \n            \n        </div>\n\n        <input type=\"hidden\" id=\"amount_216\" value=\"1\">\n\n       <!-- <div class=\"btn-group articles-buttons\">\n            <a href=\"javascript:void(0);\" class=\"btn btn-primary\" onclick=\"erisx_AddToCart(216);\"><i class=\"icon sprite-addtocart\"></i> In den Warenkorb</a>\n            <a class=\"btn btn-green btn-details\" href=\"de/tigerbalsam\">i</a>\n            <br />Vorrätig - in 2-4 Werktagen bei Ihnen*\n        </div>-->\n\n\n\n            </div>\n        </article>\n        </div><div class=\"slide-elem cycle-slide\" style=\"position: static; top: 0px; left: 0px; z-index: 90; display: inline-block;\">\n        <article class=\"articles-repeater\">\n            <div class=\"articles-image\">\n                \n\n                <a href=\"de/ringelblumen-fluessigseife-1-liter\" title=\"Ringelblumen-Flüssigseife  1 Liter\"><img src=\"temp/imageapi/produkte-0200-0299--264-51514e.jpg\" width=\"200\" height=\"200\" alt=\"Ringelblumen-Flüssigseife  1 Liter\" class=\"noscale\"></a>\n            </div>\n\n            <div class=\"articles-text\">\n\n                <h3 class=\"articles-title\"><a href=\"de/ringelblumen-fluessigseife-1-liter\">Ringelblumen-Flüssigseife  1 Liter</a></h3>\n\n                \n    \n        <div class=\"percent\">-18%</div>\n    \n    \n\n        <div class=\"articles-data\">\n            \n                <span class=\"articles-unit\">1 Liter</span>\n            \n            \n                \n                    <span class=\"articles-price red\">6,50 €</span>\n                    <span class=\"articles-basic-rate\"></span>\n                \n            \n        </div>\n\n        <input type=\"hidden\" id=\"amount_11\" value=\"1\">\n\n       <!-- <div class=\"btn-group articles-buttons\">\n            <a href=\"javascript:void(0);\" class=\"btn btn-primary\" onclick=\"erisx_AddToCart(11);\"><i class=\"icon sprite-addtocart\"></i> In den Warenkorb</a>\n            <a class=\"btn btn-green btn-details\" href=\"de/ringelblumen-fluessigseife-1-liter\">i</a>\n            <br />Vorrätig - in 2-4 Werktagen bei Ihnen*\n        </div>-->\n\n\n\n            </div>\n        </article>\n        </div><div class=\"slide-elem cycle-slide cycle-slide-active\" style=\"position: static; top: 0px; left: 0px; z-index: 100; opacity: 1; display: inline-block; visibility: visible;\">\n        <article class=\"articles-repeater\">\n            <div class=\"articles-image\">\n                \n                    <img src=\"temp/explorer/files/badges/badge_2for1_de.png\" border=\"0\" class=\"badge-discount\">\n                \n\n                <a href=\"de/aktiv3-calcium-magnesium-tabletten\" title=\"Aktiv³ Calcium-Magnesium-Tabletten\"><img src=\"temp/imageapi/produkte-2500-2599--2501-1041d6.jpg\" width=\"200\" height=\"200\" alt=\"Aktiv³ Calcium-Magnesium-Tabletten\" class=\"noscale\"></a>\n            </div>\n\n            <div class=\"articles-text\">\n\n                <h3 class=\"articles-title\"><a href=\"de/aktiv3-calcium-magnesium-tabletten\">Aktiv³ Calcium-Magnesium-Tabletten</a></h3>\n\n                \n    \n    \n\n        <div class=\"articles-data\">\n            \n                <span class=\"articles-unit\">400 Tabletten</span>\n            \n            \n                \n                    <span class=\"articles-price \">8,50 €</span>\n                    <span class=\"articles-basic-rate\"></span>\n                \n            \n        </div>\n\n        <input type=\"hidden\" id=\"amount_1165\" value=\"1\">\n\n       <!-- <div class=\"btn-group articles-buttons\">\n            <a href=\"javascript:void(0);\" class=\"btn btn-primary\" onclick=\"erisx_AddToCart(1165);\"><i class=\"icon sprite-addtocart\"></i> In den Warenkorb</a>\n            <a class=\"btn btn-green btn-details\" href=\"de/aktiv3-calcium-magnesium-tabletten\">i</a>\n            <br />Vorrätig - in 2-4 Werktagen bei Ihnen*\n        </div>-->\n\n\n\n            </div>\n        </article>\n        </div><div class=\"slide-elem cycle-slide\" style=\"position: static; top: 0px; left: 0px; z-index: 99; display: inline-block;\">\n        <article class=\"articles-repeater\">\n            <div class=\"articles-image\">\n                \n                    <img src=\"temp/explorer/files/badges/badge_2for1_de.png\" border=\"0\" class=\"badge-discount\">\n                \n\n                <a href=\"de/aktiv3-regeneration-mineraldrink-premium\" title=\"Aktiv³ Regeneration Mineraldrink-Premium\"><img src=\"temp/imageapi/produkte-2500-2599--2537-fea6f6.jpg\" width=\"200\" height=\"200\" alt=\"Aktiv³ Regeneration Mineraldrink-Premium\" class=\"noscale\"></a>\n            </div>\n\n            <div class=\"articles-text\">\n\n                <h3 class=\"articles-title\"><a href=\"de/aktiv3-regeneration-mineraldrink-premium\">Aktiv³ Regeneration Mineraldrink-Premium</a></h3>\n\n                \n    \n    \n\n        <div class=\"articles-data\">\n            \n                <span class=\"articles-unit\">750-g-Dose</span>\n            \n            \n                \n                    <span class=\"articles-price \">15,00 €</span>\n                    <span class=\"articles-basic-rate\">(je 1 kg = 20,00 €)<br></span>\n                \n            \n        </div>\n\n        <input type=\"hidden\" id=\"amount_1498\" value=\"1\">\n\n       <!-- <div class=\"btn-group articles-buttons\">\n            <a href=\"javascript:void(0);\" class=\"btn btn-primary\" onclick=\"erisx_AddToCart(1498);\"><i class=\"icon sprite-addtocart\"></i> In den Warenkorb</a>\n            <a class=\"btn btn-green btn-details\" href=\"de/aktiv3-regeneration-mineraldrink-premium\">i</a>\n            <br />Vorrätig - in 2-4 Werktagen bei Ihnen*\n        </div>-->\n\n\n\n            </div>\n        </article>\n        </div><div class=\"slide-elem cycle-slide\" style=\"position: static; top: 0px; left: 0px; z-index: 97; display: inline-block;\">\n        <article class=\"articles-repeater\">\n            <div class=\"articles-image\">\n                \n                    <img src=\"temp/explorer/files/badges/badge_2for1_de.png\" border=\"0\" class=\"badge-discount\">\n                \n\n                <a href=\"de/vitamin-b12-supra-100-tabletten\" title=\"Vitamin-B12-Supra-100-Tabletten\"><img src=\"temp/imageapi/produkte-0100-0199--118-6f2200.jpg\" width=\"200\" height=\"200\" alt=\"Vitamin-B12-Supra-100-Tabletten\" class=\"noscale\"></a>\n            </div>\n\n            <div class=\"articles-text\">\n\n                <h3 class=\"articles-title\"><a href=\"de/vitamin-b12-supra-100-tabletten\">Vitamin-B12-Supra-100-Tabletten</a></h3>\n\n                \n    \n    \n\n        <div class=\"articles-data\">\n            \n                <span class=\"articles-unit\">240 Tabletten für 4 Monate</span>\n            \n            \n                \n                    <span class=\"articles-price \">6,50 €</span>\n                    <span class=\"articles-basic-rate\"></span>\n                \n            \n        </div>\n\n        <input type=\"hidden\" id=\"amount_1623\" value=\"1\">\n\n       <!-- <div class=\"btn-group articles-buttons\">\n            <a href=\"javascript:void(0);\" class=\"btn btn-primary\" onclick=\"erisx_AddToCart(1623);\"><i class=\"icon sprite-addtocart\"></i> In den Warenkorb</a>\n            <a class=\"btn btn-green btn-details\" href=\"de/vitamin-b12-supra-100-tabletten\">i</a>\n            <br />Vorrätig - in 2-4 Werktagen bei Ihnen*\n        </div>-->\n\n\n\n            </div>\n        </article>\n        </div><div class=\"slide-elem cycle-slide\" style=\"position: static; top: 0px; left: 0px; z-index: 96; display: inline-block;\">\n        <article class=\"articles-repeater\">\n            <div class=\"articles-image\">\n                \n                    <img src=\"temp/explorer/files/badges/badge_3for2_de.png\" border=\"0\" class=\"badge-discount\">\n                \n\n                <a href=\"de/calciumvitamin-d3-tabletten\" title=\"Calcium+Vitamin-D3-Tabletten\"><img src=\"temp/imageapi/produkte-1400-1499--1465-8580d4.jpg\" width=\"200\" height=\"200\" alt=\"Calcium+Vitamin-D3-Tabletten\" class=\"noscale\"></a>\n            </div>\n\n            <div class=\"articles-text\">\n\n                <h3 class=\"articles-title\"><a href=\"de/calciumvitamin-d3-tabletten\">Calcium+Vitamin-D3-Tabletten</a></h3>\n\n                \n    \n    \n\n        <div class=\"articles-data\">\n            \n                <span class=\"articles-unit\">150 Tabletten für 2 1/2 Monate</span>\n            \n            \n                \n                    <span class=\"articles-price \">4,95 €</span>\n                    <span class=\"articles-basic-rate\"></span>\n                \n            \n        </div>\n\n        <input type=\"hidden\" id=\"amount_1203\" value=\"1\">\n\n       <!-- <div class=\"btn-group articles-buttons\">\n            <a href=\"javascript:void(0);\" class=\"btn btn-primary\" onclick=\"erisx_AddToCart(1203);\"><i class=\"icon sprite-addtocart\"></i> In den Warenkorb</a>\n            <a class=\"btn btn-green btn-details\" href=\"de/calciumvitamin-d3-tabletten\">i</a>\n            <br />Vorrätig - in 2-4 Werktagen bei Ihnen*\n        </div>-->\n\n\n\n            </div>\n        </article>\n        </div><div class=\"slide-elem cycle-slide\" style=\"position: static; top: 0px; left: 0px; z-index: 95; display: inline-block;\">\n        <article class=\"articles-repeater\">\n            <div class=\"articles-image\">\n                \n\n                <a href=\"de/lactopro-kapseln\" title=\"Lactopro-Kapseln\"><img src=\"temp/imageapi/produkte-0100-0199--159-a69f07.jpg\" width=\"200\" height=\"200\" alt=\"Lactopro-Kapseln\" class=\"noscale\"></a>\n            </div>\n\n            <div class=\"articles-text\">\n\n                <h3 class=\"articles-title\"><a href=\"de/lactopro-kapseln\">Lactopro-Kapseln</a></h3>\n\n                \n    \n        <div class=\"percent\">-9%</div>\n    \n    \n\n        <div class=\"articles-data\">\n            \n                <span class=\"articles-unit\">100 Kapseln</span>\n            \n            \n                \n                    <span class=\"articles-price red\">15,00 €</span>\n                    <span class=\"articles-basic-rate\"></span>\n                \n            \n        </div>\n\n        <input type=\"hidden\" id=\"amount_408\" value=\"1\">\n\n       <!-- <div class=\"btn-group articles-buttons\">\n            <a href=\"javascript:void(0);\" class=\"btn btn-primary\" onclick=\"erisx_AddToCart(408);\"><i class=\"icon sprite-addtocart\"></i> In den Warenkorb</a>\n            <a class=\"btn btn-green btn-details\" href=\"de/lactopro-kapseln\">i</a>\n            <br />Vorrätig - in 2-4 Werktagen bei Ihnen*\n        </div>-->\n\n\n\n            </div>\n        </article>\n        </div><div class=\"slide-elem cycle-slide\" style=\"position: static; top: 0px; left: 0px; z-index: 94; display: inline-block;\">\n        <article class=\"articles-repeater\">\n            <div class=\"articles-image\">\n                \n\n                <a href=\"de/biotin-sb-tabletten-2-5-mg\" title=\"Biotin SB Tabletten 2,5 mg\"><img src=\"temp/imageapi/produkte-0100-0199--165-b0c4c8.jpg\" width=\"200\" height=\"200\" alt=\"Biotin SB Tabletten 2,5 mg\" class=\"noscale\"></a>\n            </div>\n\n            <div class=\"articles-text\">\n\n                <h3 class=\"articles-title\"><a href=\"de/biotin-sb-tabletten-2-5-mg\">Biotin SB Tabletten 2,5 mg</a></h3>\n\n                \n    \n        <div class=\"percent\">-25%</div>\n    \n    \n\n        <div class=\"articles-data\">\n            \n                <span class=\"articles-unit\">150 Tabletten à 2,5 mg Biotin</span>\n            \n            \n                \n                    <span class=\"articles-price red\">5,95 €</span>\n                    <span class=\"articles-basic-rate\"></span>\n                \n            \n        </div>\n\n        <input type=\"hidden\" id=\"amount_465\" value=\"1\">\n\n       <!-- <div class=\"btn-group articles-buttons\">\n            <a href=\"javascript:void(0);\" class=\"btn btn-primary\" onclick=\"erisx_AddToCart(465);\"><i class=\"icon sprite-addtocart\"></i> In den Warenkorb</a>\n            <a class=\"btn btn-green btn-details\" href=\"de/biotin-sb-tabletten-2-5-mg\">i</a>\n            <br />Vorrätig - in 2-4 Werktagen bei Ihnen*\n        </div>-->\n\n\n\n            </div>\n        </article>\n        </div><div class=\"slide-elem cycle-slide\" style=\"position: static; top: 0px; left: 0px; z-index: 93; display: inline-block;\">\n        <article class=\"articles-repeater\">\n            <div class=\"articles-image\">\n                \n\n                <a href=\"de/himalaya-badesalz-\" title=\"Badesalz, gemahlen\"><img src=\"temp/imageapi/produkte-0200-0299--219-d3b898.jpg\" width=\"200\" height=\"200\" alt=\"Badesalz, gemahlen\" class=\"noscale\"></a>\n            </div>\n\n            <div class=\"articles-text\">\n\n                <h3 class=\"articles-title\"><a href=\"de/himalaya-badesalz-\">Badesalz, gemahlen</a></h3>\n\n                \n    \n        <div class=\"percent\">-21%</div>\n    \n    \n\n        <div class=\"articles-data\">\n            \n                <span class=\"articles-unit\">2 Packungen à 1 kg</span>\n            \n            \n                \n                    <span class=\"articles-price red\">7,50 €</span>\n                    <span class=\"articles-basic-rate\">(je 1 kg = 3,75 €)<br></span>\n                \n            \n        </div>\n\n        <input type=\"hidden\" id=\"amount_511\" value=\"1\">\n\n       <!-- <div class=\"btn-group articles-buttons\">\n            <a href=\"javascript:void(0);\" class=\"btn btn-primary\" onclick=\"erisx_AddToCart(511);\"><i class=\"icon sprite-addtocart\"></i> In den Warenkorb</a>\n            <a class=\"btn btn-green btn-details\" href=\"de/himalaya-badesalz-\">i</a>\n            <br />Vorrätig - in 2-4 Werktagen bei Ihnen*\n        </div>-->\n\n\n\n            </div>\n        </article>\n        </div><div class=\"slide-elem cycle-slide\" style=\"position: static; top: 0px; left: 0px; z-index: 92; display: inline-block;\">\n        <article class=\"articles-repeater\">\n            <div class=\"articles-image\">\n                \n\n                <a href=\"de/kristall-salz-gemahlen\" title=\"Kristall-Salz gemahlen\"><img src=\"temp/imageapi/produkte-0200-0299--220-f44566.jpg\" width=\"200\" height=\"200\" alt=\"Kristall-Salz gemahlen\" class=\"noscale\"></a>\n            </div>\n\n            <div class=\"articles-text\">\n\n                <h3 class=\"articles-title\"><a href=\"de/kristall-salz-gemahlen\">Kristall-Salz gemahlen</a></h3>\n\n                \n    \n        <div class=\"percent\">-16%</div>\n    \n    \n\n        <div class=\"articles-data\">\n            \n                <span class=\"articles-unit\">2 kg (2 Packungen à 1 kg)</span>\n            \n            \n                \n                    <span class=\"articles-price red\">10,50 €</span>\n                    <span class=\"articles-basic-rate\">(je 1 kg = 5,25 €)<br></span>\n                \n            \n        </div>\n\n        <input type=\"hidden\" id=\"amount_512\" value=\"1\">\n\n       <!-- <div class=\"btn-group articles-buttons\">\n            <a href=\"javascript:void(0);\" class=\"btn btn-primary\" onclick=\"erisx_AddToCart(512);\"><i class=\"icon sprite-addtocart\"></i> In den Warenkorb</a>\n            <a class=\"btn btn-green btn-details\" href=\"de/kristall-salz-gemahlen\">i</a>\n            <br />Vorrätig - in 2-4 Werktagen bei Ihnen*\n        </div>-->\n\n\n\n            </div>\n        </article>\n        </div><div class=\"slide-elem cycle-slide\" style=\"position: static; top: 0px; left: 0px; z-index: 91; display: inline-block;\">\n        <article class=\"articles-repeater\">\n            <div class=\"articles-image\">\n                \n\n                <a href=\"de/tigerbalsam\" title=\"Tigerbalsam\"><img src=\"temp/imageapi/produkte-0200-0299--249-16d211.jpg\" width=\"200\" height=\"200\" alt=\"Tigerbalsam\" class=\"noscale\"></a>\n            </div>\n\n            <div class=\"articles-text\">\n\n                <h3 class=\"articles-title\"><a href=\"de/tigerbalsam\">Tigerbalsam</a></h3>\n\n                \n    \n        <div class=\"percent\">-16%</div>\n    \n    \n\n        <div class=\"articles-data\">\n            \n                <span class=\"articles-unit\">50 ml Glastiegel</span>\n            \n            \n                \n                    <span class=\"articles-price red\">7,50 €</span>\n                    <span class=\"articles-basic-rate\">(je 100 ml = 15,00 €)<br></span>\n                \n            \n        </div>\n\n        <input type=\"hidden\" id=\"amount_216\" value=\"1\">\n\n       <!-- <div class=\"btn-group articles-buttons\">\n            <a href=\"javascript:void(0);\" class=\"btn btn-primary\" onclick=\"erisx_AddToCart(216);\"><i class=\"icon sprite-addtocart\"></i> In den Warenkorb</a>\n            <a class=\"btn btn-green btn-details\" href=\"de/tigerbalsam\">i</a>\n            <br />Vorrätig - in 2-4 Werktagen bei Ihnen*\n        </div>-->\n\n\n\n            </div>\n        </article>\n        </div><div class=\"slide-elem cycle-slide\" style=\"position: static; top: 0px; left: 0px; z-index: 90; display: inline-block;\">\n        <article class=\"articles-repeater\">\n            <div class=\"articles-image\">\n                \n\n                <a href=\"de/ringelblumen-fluessigseife-1-liter\" title=\"Ringelblumen-Flüssigseife  1 Liter\"><img src=\"temp/imageapi/produkte-0200-0299--264-51514e.jpg\" width=\"200\" height=\"200\" alt=\"Ringelblumen-Flüssigseife  1 Liter\" class=\"noscale\"></a>\n            </div>\n\n            <div class=\"articles-text\">\n\n                <h3 class=\"articles-title\"><a href=\"de/ringelblumen-fluessigseife-1-liter\">Ringelblumen-Flüssigseife  1 Liter</a></h3>\n\n                \n    \n        <div class=\"percent\">-18%</div>\n    \n    \n\n        <div class=\"articles-data\">\n            \n                <span class=\"articles-unit\">1 Liter</span>\n            \n            \n                \n                    <span class=\"articles-price red\">6,50 €</span>\n                    <span class=\"articles-basic-rate\"></span>\n                \n            \n        </div>\n\n        <input type=\"hidden\" id=\"amount_11\" value=\"1\">\n\n       <!-- <div class=\"btn-group articles-buttons\">\n            <a href=\"javascript:void(0);\" class=\"btn btn-primary\" onclick=\"erisx_AddToCart(11);\"><i class=\"icon sprite-addtocart\"></i> In den Warenkorb</a>\n            <a class=\"btn btn-green btn-details\" href=\"de/ringelblumen-fluessigseife-1-liter\">i</a>\n            <br />Vorrätig - in 2-4 Werktagen bei Ihnen*\n        </div>-->\n\n\n\n            </div>\n        </article>\n        </div><div class=\"slide-elem cycle-slide\" style=\"position: static; top: 0px; left: 0px; z-index: 100; opacity: 1; display: inline-block; visibility: visible;\">\n        <article class=\"articles-repeater\">\n            <div class=\"articles-image\">\n                \n                    <img src=\"temp/explorer/files/badges/badge_2for1_de.png\" border=\"0\" class=\"badge-discount\">\n                \n\n                <a href=\"de/aktiv3-calcium-magnesium-tabletten\" title=\"Aktiv³ Calcium-Magnesium-Tabletten\"><img src=\"temp/imageapi/produkte-2500-2599--2501-1041d6.jpg\" width=\"200\" height=\"200\" alt=\"Aktiv³ Calcium-Magnesium-Tabletten\" class=\"noscale\"></a>\n            </div>\n\n            <div class=\"articles-text\">\n\n                <h3 class=\"articles-title\"><a href=\"de/aktiv3-calcium-magnesium-tabletten\">Aktiv³ Calcium-Magnesium-Tabletten</a></h3>\n\n                \n    \n    \n\n        <div class=\"articles-data\">\n            \n                <span class=\"articles-unit\">400 Tabletten</span>\n            \n            \n                \n                    <span class=\"articles-price \">8,50 €</span>\n                    <span class=\"articles-basic-rate\"></span>\n                \n            \n        </div>\n\n        <input type=\"hidden\" id=\"amount_1165\" value=\"1\">\n\n       <!-- <div class=\"btn-group articles-buttons\">\n            <a href=\"javascript:void(0);\" class=\"btn btn-primary\" onclick=\"erisx_AddToCart(1165);\"><i class=\"icon sprite-addtocart\"></i> In den Warenkorb</a>\n            <a class=\"btn btn-green btn-details\" href=\"de/aktiv3-calcium-magnesium-tabletten\">i</a>\n            <br />Vorrätig - in 2-4 Werktagen bei Ihnen*\n        </div>-->\n\n\n\n            </div>\n        </article>\n        </div><div class=\"slide-elem cycle-slide\" style=\"position: static; top: 0px; left: 0px; z-index: 99; display: inline-block;\">\n        <article class=\"articles-repeater\">\n            <div class=\"articles-image\">\n                \n                    <img src=\"temp/explorer/files/badges/badge_2for1_de.png\" border=\"0\" class=\"badge-discount\">\n                \n\n                <a href=\"de/aktiv3-regeneration-mineraldrink-premium\" title=\"Aktiv³ Regeneration Mineraldrink-Premium\"><img src=\"temp/imageapi/produkte-2500-2599--2537-fea6f6.jpg\" width=\"200\" height=\"200\" alt=\"Aktiv³ Regeneration Mineraldrink-Premium\" class=\"noscale\"></a>\n            </div>\n\n            <div class=\"articles-text\">\n\n                <h3 class=\"articles-title\"><a href=\"de/aktiv3-regeneration-mineraldrink-premium\">Aktiv³ Regeneration Mineraldrink-Premium</a></h3>\n\n                \n    \n    \n\n        <div class=\"articles-data\">\n            \n                <span class=\"articles-unit\">750-g-Dose</span>\n            \n            \n                \n                    <span class=\"articles-price \">15,00 €</span>\n                    <span class=\"articles-basic-rate\">(je 1 kg = 20,00 €)<br></span>\n                \n            \n        </div>\n\n        <input type=\"hidden\" id=\"amount_1498\" value=\"1\">\n\n       <!-- <div class=\"btn-group articles-buttons\">\n            <a href=\"javascript:void(0);\" class=\"btn btn-primary\" onclick=\"erisx_AddToCart(1498);\"><i class=\"icon sprite-addtocart\"></i> In den Warenkorb</a>\n            <a class=\"btn btn-green btn-details\" href=\"de/aktiv3-regeneration-mineraldrink-premium\">i</a>\n            <br />Vorrätig - in 2-4 Werktagen bei Ihnen*\n        </div>-->\n\n\n\n            </div>\n        </article>\n        </div><div class=\"slide-elem cycle-slide\" style=\"position: static; top: 0px; left: 0px; z-index: 97; display: inline-block;\">\n        <article class=\"articles-repeater\">\n            <div class=\"articles-image\">\n                \n                    <img src=\"temp/explorer/files/badges/badge_2for1_de.png\" border=\"0\" class=\"badge-discount\">\n                \n\n                <a href=\"de/vitamin-b12-supra-100-tabletten\" title=\"Vitamin-B12-Supra-100-Tabletten\"><img src=\"temp/imageapi/produkte-0100-0199--118-6f2200.jpg\" width=\"200\" height=\"200\" alt=\"Vitamin-B12-Supra-100-Tabletten\" class=\"noscale\"></a>\n            </div>\n\n            <div class=\"articles-text\">\n\n                <h3 class=\"articles-title\"><a href=\"de/vitamin-b12-supra-100-tabletten\">Vitamin-B12-Supra-100-Tabletten</a></h3>\n\n                \n    \n    \n\n        <div class=\"articles-data\">\n            \n                <span class=\"articles-unit\">240 Tabletten für 4 Monate</span>\n            \n            \n                \n                    <span class=\"articles-price \">6,50 €</span>\n                    <span class=\"articles-basic-rate\"></span>\n                \n            \n        </div>\n\n        <input type=\"hidden\" id=\"amount_1623\" value=\"1\">\n\n       <!-- <div class=\"btn-group articles-buttons\">\n            <a href=\"javascript:void(0);\" class=\"btn btn-primary\" onclick=\"erisx_AddToCart(1623);\"><i class=\"icon sprite-addtocart\"></i> In den Warenkorb</a>\n            <a class=\"btn btn-green btn-details\" href=\"de/vitamin-b12-supra-100-tabletten\">i</a>\n            <br />Vorrätig - in 2-4 Werktagen bei Ihnen*\n        </div>-->\n\n\n\n            </div>\n        </article>\n        </div><div class=\"slide-elem cycle-slide\" style=\"position: static; top: 0px; left: 0px; z-index: 96; display: inline-block;\">\n        <article class=\"articles-repeater\">\n            <div class=\"articles-image\">\n                \n                    <img src=\"temp/explorer/files/badges/badge_3for2_de.png\" border=\"0\" class=\"badge-discount\">\n                \n\n                <a href=\"de/calciumvitamin-d3-tabletten\" title=\"Calcium+Vitamin-D3-Tabletten\"><img src=\"temp/imageapi/produkte-1400-1499--1465-8580d4.jpg\" width=\"200\" height=\"200\" alt=\"Calcium+Vitamin-D3-Tabletten\" class=\"noscale\"></a>\n            </div>\n\n            <div class=\"articles-text\">\n\n                <h3 class=\"articles-title\"><a href=\"de/calciumvitamin-d3-tabletten\">Calcium+Vitamin-D3-Tabletten</a></h3>\n\n                \n    \n    \n\n        <div class=\"articles-data\">\n            \n                <span class=\"articles-unit\">150 Tabletten für 2 1/2 Monate</span>\n            \n            \n                \n                    <span class=\"articles-price \">4,95 €</span>\n                    <span class=\"articles-basic-rate\"></span>\n                \n            \n        </div>\n\n        <input type=\"hidden\" id=\"amount_1203\" value=\"1\">\n\n       <!-- <div class=\"btn-group articles-buttons\">\n            <a href=\"javascript:void(0);\" class=\"btn btn-primary\" onclick=\"erisx_AddToCart(1203);\"><i class=\"icon sprite-addtocart\"></i> In den Warenkorb</a>\n            <a class=\"btn btn-green btn-details\" href=\"de/calciumvitamin-d3-tabletten\">i</a>\n            <br />Vorrätig - in 2-4 Werktagen bei Ihnen*\n        </div>-->\n\n\n\n            </div>\n        </article>\n        </div><div class=\"slide-elem cycle-slide\" style=\"position: static; top: 0px; left: 0px; z-index: 95; display: inline-block;\">\n        <article class=\"articles-repeater\">\n            <div class=\"articles-image\">\n                \n\n                <a href=\"de/lactopro-kapseln\" title=\"Lactopro-Kapseln\"><img src=\"temp/imageapi/produkte-0100-0199--159-a69f07.jpg\" width=\"200\" height=\"200\" alt=\"Lactopro-Kapseln\" class=\"noscale\"></a>\n            </div>\n\n            <div class=\"articles-text\">\n\n                <h3 class=\"articles-title\"><a href=\"de/lactopro-kapseln\">Lactopro-Kapseln</a></h3>\n\n                \n    \n        <div class=\"percent\">-9%</div>\n    \n    \n\n        <div class=\"articles-data\">\n            \n                <span class=\"articles-unit\">100 Kapseln</span>\n            \n            \n                \n                    <span class=\"articles-price red\">15,00 €</span>\n                    <span class=\"articles-basic-rate\"></span>\n                \n            \n        </div>\n\n        <input type=\"hidden\" id=\"amount_408\" value=\"1\">\n\n       <!-- <div class=\"btn-group articles-buttons\">\n            <a href=\"javascript:void(0);\" class=\"btn btn-primary\" onclick=\"erisx_AddToCart(408);\"><i class=\"icon sprite-addtocart\"></i> In den Warenkorb</a>\n            <a class=\"btn btn-green btn-details\" href=\"de/lactopro-kapseln\">i</a>\n            <br />Vorrätig - in 2-4 Werktagen bei Ihnen*\n        </div>-->\n\n\n\n            </div>\n        </article>\n        </div><div class=\"slide-elem cycle-slide\" style=\"position: static; top: 0px; left: 0px; z-index: 94; display: inline-block;\">\n        <article class=\"articles-repeater\">\n            <div class=\"articles-image\">\n                \n\n                <a href=\"de/biotin-sb-tabletten-2-5-mg\" title=\"Biotin SB Tabletten 2,5 mg\"><img src=\"temp/imageapi/produkte-0100-0199--165-b0c4c8.jpg\" width=\"200\" height=\"200\" alt=\"Biotin SB Tabletten 2,5 mg\" class=\"noscale\"></a>\n            </div>\n\n            <div class=\"articles-text\">\n\n                <h3 class=\"articles-title\"><a href=\"de/biotin-sb-tabletten-2-5-mg\">Biotin SB Tabletten 2,5 mg</a></h3>\n\n                \n    \n        <div class=\"percent\">-25%</div>\n    \n    \n\n        <div class=\"articles-data\">\n            \n                <span class=\"articles-unit\">150 Tabletten à 2,5 mg Biotin</span>\n            \n            \n                \n                    <span class=\"articles-price red\">5,95 €</span>\n                    <span class=\"articles-basic-rate\"></span>\n                \n            \n        </div>\n\n        <input type=\"hidden\" id=\"amount_465\" value=\"1\">\n\n       <!-- <div class=\"btn-group articles-buttons\">\n            <a href=\"javascript:void(0);\" class=\"btn btn-primary\" onclick=\"erisx_AddToCart(465);\"><i class=\"icon sprite-addtocart\"></i> In den Warenkorb</a>\n            <a class=\"btn btn-green btn-details\" href=\"de/biotin-sb-tabletten-2-5-mg\">i</a>\n            <br />Vorrätig - in 2-4 Werktagen bei Ihnen*\n        </div>-->\n\n\n\n            </div>\n        </article>\n        </div><div class=\"slide-elem cycle-slide\" style=\"position: static; top: 0px; left: 0px; z-index: 93; display: inline-block;\">\n        <article class=\"articles-repeater\">\n            <div class=\"articles-image\">\n                \n\n                <a href=\"de/himalaya-badesalz-\" title=\"Badesalz, gemahlen\"><img src=\"temp/imageapi/produkte-0200-0299--219-d3b898.jpg\" width=\"200\" height=\"200\" alt=\"Badesalz, gemahlen\" class=\"noscale\"></a>\n            </div>\n\n            <div class=\"articles-text\">\n\n                <h3 class=\"articles-title\"><a href=\"de/himalaya-badesalz-\">Badesalz, gemahlen</a></h3>\n\n                \n    \n        <div class=\"percent\">-21%</div>\n    \n    \n\n        <div class=\"articles-data\">\n            \n                <span class=\"articles-unit\">2 Packungen à 1 kg</span>\n            \n            \n                \n                    <span class=\"articles-price red\">7,50 €</span>\n                    <span class=\"articles-basic-rate\">(je 1 kg = 3,75 €)<br></span>\n                \n            \n        </div>\n\n        <input type=\"hidden\" id=\"amount_511\" value=\"1\">\n\n       <!-- <div class=\"btn-group articles-buttons\">\n            <a href=\"javascript:void(0);\" class=\"btn btn-primary\" onclick=\"erisx_AddToCart(511);\"><i class=\"icon sprite-addtocart\"></i> In den Warenkorb</a>\n            <a class=\"btn btn-green btn-details\" href=\"de/himalaya-badesalz-\">i</a>\n            <br />Vorrätig - in 2-4 Werktagen bei Ihnen*\n        </div>-->\n\n\n\n            </div>\n        </article>\n        </div><div class=\"slide-elem cycle-slide\" style=\"position: static; top: 0px; left: 0px; z-index: 92; display: inline-block;\">\n        <article class=\"articles-repeater\">\n            <div class=\"articles-image\">\n                \n\n                <a href=\"de/kristall-salz-gemahlen\" title=\"Kristall-Salz gemahlen\"><img src=\"temp/imageapi/produkte-0200-0299--220-f44566.jpg\" width=\"200\" height=\"200\" alt=\"Kristall-Salz gemahlen\" class=\"noscale\"></a>\n            </div>\n\n            <div class=\"articles-text\">\n\n                <h3 class=\"articles-title\"><a href=\"de/kristall-salz-gemahlen\">Kristall-Salz gemahlen</a></h3>\n\n                \n    \n        <div class=\"percent\">-16%</div>\n    \n    \n\n        <div class=\"articles-data\">\n            \n                <span class=\"articles-unit\">2 kg (2 Packungen à 1 kg)</span>\n            \n            \n                \n                    <span class=\"articles-price red\">10,50 €</span>\n                    <span class=\"articles-basic-rate\">(je 1 kg = 5,25 €)<br></span>\n                \n            \n        </div>\n\n        <input type=\"hidden\" id=\"amount_512\" value=\"1\">\n\n       <!-- <div class=\"btn-group articles-buttons\">\n            <a href=\"javascript:void(0);\" class=\"btn btn-primary\" onclick=\"erisx_AddToCart(512);\"><i class=\"icon sprite-addtocart\"></i> In den Warenkorb</a>\n            <a class=\"btn btn-green btn-details\" href=\"de/kristall-salz-gemahlen\">i</a>\n            <br />Vorrätig - in 2-4 Werktagen bei Ihnen*\n        </div>-->\n\n\n\n            </div>\n        </article>\n        </div><div class=\"slide-elem cycle-slide\" style=\"position: static; top: 0px; left: 0px; z-index: 91; display: inline-block;\">\n        <article class=\"articles-repeater\">\n            <div class=\"articles-image\">\n                \n\n                <a href=\"de/tigerbalsam\" title=\"Tigerbalsam\"><img src=\"temp/imageapi/produkte-0200-0299--249-16d211.jpg\" width=\"200\" height=\"200\" alt=\"Tigerbalsam\" class=\"noscale\"></a>\n            </div>\n\n            <div class=\"articles-text\">\n\n                <h3 class=\"articles-title\"><a href=\"de/tigerbalsam\">Tigerbalsam</a></h3>\n\n                \n    \n        <div class=\"percent\">-16%</div>\n    \n    \n\n        <div class=\"articles-data\">\n            \n                <span class=\"articles-unit\">50 ml Glastiegel</span>\n            \n            \n                \n                    <span class=\"articles-price red\">7,50 €</span>\n                    <span class=\"articles-basic-rate\">(je 100 ml = 15,00 €)<br></span>\n                \n            \n        </div>\n\n        <input type=\"hidden\" id=\"amount_216\" value=\"1\">\n\n       <!-- <div class=\"btn-group articles-buttons\">\n            <a href=\"javascript:void(0);\" class=\"btn btn-primary\" onclick=\"erisx_AddToCart(216);\"><i class=\"icon sprite-addtocart\"></i> In den Warenkorb</a>\n            <a class=\"btn btn-green btn-details\" href=\"de/tigerbalsam\">i</a>\n            <br />Vorrätig - in 2-4 Werktagen bei Ihnen*\n        </div>-->\n\n\n\n            </div>\n        </article>\n        </div><div class=\"slide-elem cycle-slide\" style=\"position: static; top: 0px; left: 0px; z-index: 90; display: inline-block;\">\n        <article class=\"articles-repeater\">\n            <div class=\"articles-image\">\n                \n\n                <a href=\"de/ringelblumen-fluessigseife-1-liter\" title=\"Ringelblumen-Flüssigseife  1 Liter\"><img src=\"temp/imageapi/produkte-0200-0299--264-51514e.jpg\" width=\"200\" height=\"200\" alt=\"Ringelblumen-Flüssigseife  1 Liter\" class=\"noscale\"></a>\n            </div>\n\n            <div class=\"articles-text\">\n\n                <h3 class=\"articles-title\"><a href=\"de/ringelblumen-fluessigseife-1-liter\">Ringelblumen-Flüssigseife  1 Liter</a></h3>\n\n                \n    \n        <div class=\"percent\">-18%</div>\n    \n    \n\n        <div class=\"articles-data\">\n            \n                <span class=\"articles-unit\">1 Liter</span>\n            \n            \n                \n                    <span class=\"articles-price red\">6,50 €</span>\n                    <span class=\"articles-basic-rate\"></span>\n                \n            \n        </div>\n\n        <input type=\"hidden\" id=\"amount_11\" value=\"1\">\n\n       <!-- <div class=\"btn-group articles-buttons\">\n            <a href=\"javascript:void(0);\" class=\"btn btn-primary\" onclick=\"erisx_AddToCart(11);\"><i class=\"icon sprite-addtocart\"></i> In den Warenkorb</a>\n            <a class=\"btn btn-green btn-details\" href=\"de/ringelblumen-fluessigseife-1-liter\">i</a>\n            <br />Vorrätig - in 2-4 Werktagen bei Ihnen*\n        </div>-->\n\n\n\n            </div>\n        </article>\n        </div><div class=\"slide-elem cycle-slide\" style=\"position: static; top: 0px; left: 0px; z-index: 100; opacity: 1; display: inline-block; visibility: visible;\">\n        <article class=\"articles-repeater\">\n            <div class=\"articles-image\">\n                \n                    <img src=\"temp/explorer/files/badges/badge_2for1_de.png\" border=\"0\" class=\"badge-discount\">\n                \n\n                <a href=\"de/aktiv3-calcium-magnesium-tabletten\" title=\"Aktiv³ Calcium-Magnesium-Tabletten\"><img src=\"temp/imageapi/produkte-2500-2599--2501-1041d6.jpg\" width=\"200\" height=\"200\" alt=\"Aktiv³ Calcium-Magnesium-Tabletten\" class=\"noscale\"></a>\n            </div>\n\n            <div class=\"articles-text\">\n\n                <h3 class=\"articles-title\"><a href=\"de/aktiv3-calcium-magnesium-tabletten\">Aktiv³ Calcium-Magnesium-Tabletten</a></h3>\n\n                \n    \n    \n\n        <div class=\"articles-data\">\n            \n                <span class=\"articles-unit\">400 Tabletten</span>\n            \n            \n                \n                    <span class=\"articles-price \">8,50 €</span>\n                    <span class=\"articles-basic-rate\"></span>\n                \n            \n        </div>\n\n        <input type=\"hidden\" id=\"amount_1165\" value=\"1\">\n\n       <!-- <div class=\"btn-group articles-buttons\">\n            <a href=\"javascript:void(0);\" class=\"btn btn-primary\" onclick=\"erisx_AddToCart(1165);\"><i class=\"icon sprite-addtocart\"></i> In den Warenkorb</a>\n            <a class=\"btn btn-green btn-details\" href=\"de/aktiv3-calcium-magnesium-tabletten\">i</a>\n            <br />Vorrätig - in 2-4 Werktagen bei Ihnen*\n        </div>-->\n\n\n\n            </div>\n        </article>\n        </div><div class=\"slide-elem cycle-slide\" style=\"position: static; top: 0px; left: 0px; z-index: 99; display: inline-block;\">\n        <article class=\"articles-repeater\">\n            <div class=\"articles-image\">\n                \n                    <img src=\"temp/explorer/files/badges/badge_2for1_de.png\" border=\"0\" class=\"badge-discount\">\n                \n\n                <a href=\"de/aktiv3-regeneration-mineraldrink-premium\" title=\"Aktiv³ Regeneration Mineraldrink-Premium\"><img src=\"temp/imageapi/produkte-2500-2599--2537-fea6f6.jpg\" width=\"200\" height=\"200\" alt=\"Aktiv³ Regeneration Mineraldrink-Premium\" class=\"noscale\"></a>\n            </div>\n\n            <div class=\"articles-text\">\n\n                <h3 class=\"articles-title\"><a href=\"de/aktiv3-regeneration-mineraldrink-premium\">Aktiv³ Regeneration Mineraldrink-Premium</a></h3>\n\n                \n    \n    \n\n        <div class=\"articles-data\">\n            \n                <span class=\"articles-unit\">750-g-Dose</span>\n            \n            \n                \n                    <span class=\"articles-price \">15,00 €</span>\n                    <span class=\"articles-basic-rate\">(je 1 kg = 20,00 €)<br></span>\n                \n            \n        </div>\n\n        <input type=\"hidden\" id=\"amount_1498\" value=\"1\">\n\n       <!-- <div class=\"btn-group articles-buttons\">\n            <a href=\"javascript:void(0);\" class=\"btn btn-primary\" onclick=\"erisx_AddToCart(1498);\"><i class=\"icon sprite-addtocart\"></i> In den Warenkorb</a>\n            <a class=\"btn btn-green btn-details\" href=\"de/aktiv3-regeneration-mineraldrink-premium\">i</a>\n            <br />Vorrätig - in 2-4 Werktagen bei Ihnen*\n        </div>-->\n\n\n\n            </div>\n        </article>\n        </div><div class=\"slide-elem cycle-slide\" style=\"position: static; top: 0px; left: 0px; z-index: 97; display: inline-block;\">\n        <article class=\"articles-repeater\">\n            <div class=\"articles-image\">\n                \n                    <img src=\"temp/explorer/files/badges/badge_2for1_de.png\" border=\"0\" class=\"badge-discount\">\n                \n\n                <a href=\"de/vitamin-b12-supra-100-tabletten\" title=\"Vitamin-B12-Supra-100-Tabletten\"><img src=\"temp/imageapi/produkte-0100-0199--118-6f2200.jpg\" width=\"200\" height=\"200\" alt=\"Vitamin-B12-Supra-100-Tabletten\" class=\"noscale\"></a>\n            </div>\n\n            <div class=\"articles-text\">\n\n                <h3 class=\"articles-title\"><a href=\"de/vitamin-b12-supra-100-tabletten\">Vitamin-B12-Supra-100-Tabletten</a></h3>\n\n                \n    \n    \n\n        <div class=\"articles-data\">\n            \n                <span class=\"articles-unit\">240 Tabletten für 4 Monate</span>\n            \n            \n                \n                    <span class=\"articles-price \">6,50 €</span>\n                    <span class=\"articles-basic-rate\"></span>\n                \n            \n        </div>\n\n        <input type=\"hidden\" id=\"amount_1623\" value=\"1\">\n\n       <!-- <div class=\"btn-group articles-buttons\">\n            <a href=\"javascript:void(0);\" class=\"btn btn-primary\" onclick=\"erisx_AddToCart(1623);\"><i class=\"icon sprite-addtocart\"></i> In den Warenkorb</a>\n            <a class=\"btn btn-green btn-details\" href=\"de/vitamin-b12-supra-100-tabletten\">i</a>\n            <br />Vorrätig - in 2-4 Werktagen bei Ihnen*\n        </div>-->\n\n\n\n            </div>\n        </article>\n        </div><div class=\"slide-elem cycle-slide\" style=\"position: static; top: 0px; left: 0px; z-index: 96; display: inline-block;\">\n        <article class=\"articles-repeater\">\n            <div class=\"articles-image\">\n                \n                    <img src=\"temp/explorer/files/badges/badge_3for2_de.png\" border=\"0\" class=\"badge-discount\">\n                \n\n                <a href=\"de/calciumvitamin-d3-tabletten\" title=\"Calcium+Vitamin-D3-Tabletten\"><img src=\"temp/imageapi/produkte-1400-1499--1465-8580d4.jpg\" width=\"200\" height=\"200\" alt=\"Calcium+Vitamin-D3-Tabletten\" class=\"noscale\"></a>\n            </div>\n\n            <div class=\"articles-text\">\n\n                <h3 class=\"articles-title\"><a href=\"de/calciumvitamin-d3-tabletten\">Calcium+Vitamin-D3-Tabletten</a></h3>\n\n                \n    \n    \n\n        <div class=\"articles-data\">\n            \n                <span class=\"articles-unit\">150 Tabletten für 2 1/2 Monate</span>\n            \n            \n                \n                    <span class=\"articles-price \">4,95 €</span>\n                    <span class=\"articles-basic-rate\"></span>\n                \n            \n        </div>\n\n        <input type=\"hidden\" id=\"amount_1203\" value=\"1\">\n\n       <!-- <div class=\"btn-group articles-buttons\">\n            <a href=\"javascript:void(0);\" class=\"btn btn-primary\" onclick=\"erisx_AddToCart(1203);\"><i class=\"icon sprite-addtocart\"></i> In den Warenkorb</a>\n            <a class=\"btn btn-green btn-details\" href=\"de/calciumvitamin-d3-tabletten\">i</a>\n            <br />Vorrätig - in 2-4 Werktagen bei Ihnen*\n        </div>-->\n\n\n\n            </div>\n        </article>\n        </div><div class=\"slide-elem cycle-slide\" style=\"position: static; top: 0px; left: 0px; z-index: 95; display: inline-block;\">\n        <article class=\"articles-repeater\">\n            <div class=\"articles-image\">\n                \n\n                <a href=\"de/lactopro-kapseln\" title=\"Lactopro-Kapseln\"><img src=\"temp/imageapi/produkte-0100-0199--159-a69f07.jpg\" width=\"200\" height=\"200\" alt=\"Lactopro-Kapseln\" class=\"noscale\"></a>\n            </div>\n\n            <div class=\"articles-text\">\n\n                <h3 class=\"articles-title\"><a href=\"de/lactopro-kapseln\">Lactopro-Kapseln</a></h3>\n\n                \n    \n        <div class=\"percent\">-9%</div>\n    \n    \n\n        <div class=\"articles-data\">\n            \n                <span class=\"articles-unit\">100 Kapseln</span>\n            \n            \n                \n                    <span class=\"articles-price red\">15,00 €</span>\n                    <span class=\"articles-basic-rate\"></span>\n                \n            \n        </div>\n\n        <input type=\"hidden\" id=\"amount_408\" value=\"1\">\n\n       <!-- <div class=\"btn-group articles-buttons\">\n            <a href=\"javascript:void(0);\" class=\"btn btn-primary\" onclick=\"erisx_AddToCart(408);\"><i class=\"icon sprite-addtocart\"></i> In den Warenkorb</a>\n            <a class=\"btn btn-green btn-details\" href=\"de/lactopro-kapseln\">i</a>\n            <br />Vorrätig - in 2-4 Werktagen bei Ihnen*\n        </div>-->\n\n\n\n            </div>\n        </article>\n        </div><div class=\"slide-elem cycle-slide\" style=\"position: static; top: 0px; left: 0px; z-index: 94; display: inline-block;\">\n        <article class=\"articles-repeater\">\n            <div class=\"articles-image\">\n                \n\n                <a href=\"de/biotin-sb-tabletten-2-5-mg\" title=\"Biotin SB Tabletten 2,5 mg\"><img src=\"temp/imageapi/produkte-0100-0199--165-b0c4c8.jpg\" width=\"200\" height=\"200\" alt=\"Biotin SB Tabletten 2,5 mg\" class=\"noscale\"></a>\n            </div>\n\n            <div class=\"articles-text\">\n\n                <h3 class=\"articles-title\"><a href=\"de/biotin-sb-tabletten-2-5-mg\">Biotin SB Tabletten 2,5 mg</a></h3>\n\n                \n    \n        <div class=\"percent\">-25%</div>\n    \n    \n\n        <div class=\"articles-data\">\n            \n                <span class=\"articles-unit\">150 Tabletten à 2,5 mg Biotin</span>\n            \n            \n                \n                    <span class=\"articles-price red\">5,95 €</span>\n                    <span class=\"articles-basic-rate\"></span>\n                \n            \n        </div>\n\n        <input type=\"hidden\" id=\"amount_465\" value=\"1\">\n\n       <!-- <div class=\"btn-group articles-buttons\">\n            <a href=\"javascript:void(0);\" class=\"btn btn-primary\" onclick=\"erisx_AddToCart(465);\"><i class=\"icon sprite-addtocart\"></i> In den Warenkorb</a>\n            <a class=\"btn btn-green btn-details\" href=\"de/biotin-sb-tabletten-2-5-mg\">i</a>\n            <br />Vorrätig - in 2-4 Werktagen bei Ihnen*\n        </div>-->\n\n\n\n            </div>\n        </article>\n        </div><div class=\"slide-elem cycle-slide\" style=\"position: static; top: 0px; left: 0px; z-index: 93; display: inline-block;\">\n        <article class=\"articles-repeater\">\n            <div class=\"articles-image\">\n                \n\n                <a href=\"de/himalaya-badesalz-\" title=\"Badesalz, gemahlen\"><img src=\"temp/imageapi/produkte-0200-0299--219-d3b898.jpg\" width=\"200\" height=\"200\" alt=\"Badesalz, gemahlen\" class=\"noscale\"></a>\n            </div>\n\n            <div class=\"articles-text\">\n\n                <h3 class=\"articles-title\"><a href=\"de/himalaya-badesalz-\">Badesalz, gemahlen</a></h3>\n\n                \n    \n        <div class=\"percent\">-21%</div>\n    \n    \n\n        <div class=\"articles-data\">\n            \n                <span class=\"articles-unit\">2 Packungen à 1 kg</span>\n            \n            \n                \n                    <span class=\"articles-price red\">7,50 €</span>\n                    <span class=\"articles-basic-rate\">(je 1 kg = 3,75 €)<br></span>\n                \n            \n        </div>\n\n        <input type=\"hidden\" id=\"amount_511\" value=\"1\">\n\n       <!-- <div class=\"btn-group articles-buttons\">\n            <a href=\"javascript:void(0);\" class=\"btn btn-primary\" onclick=\"erisx_AddToCart(511);\"><i class=\"icon sprite-addtocart\"></i> In den Warenkorb</a>\n            <a class=\"btn btn-green btn-details\" href=\"de/himalaya-badesalz-\">i</a>\n            <br />Vorrätig - in 2-4 Werktagen bei Ihnen*\n        </div>-->\n\n\n\n            </div>\n        </article>\n        </div><div class=\"slide-elem cycle-slide\" style=\"position: static; top: 0px; left: 0px; z-index: 92; display: inline-block;\">\n        <article class=\"articles-repeater\">\n            <div class=\"articles-image\">\n                \n\n                <a href=\"de/kristall-salz-gemahlen\" title=\"Kristall-Salz gemahlen\"><img src=\"temp/imageapi/produkte-0200-0299--220-f44566.jpg\" width=\"200\" height=\"200\" alt=\"Kristall-Salz gemahlen\" class=\"noscale\"></a>\n            </div>\n\n            <div class=\"articles-text\">\n\n                <h3 class=\"articles-title\"><a href=\"de/kristall-salz-gemahlen\">Kristall-Salz gemahlen</a></h3>\n\n                \n    \n        <div class=\"percent\">-16%</div>\n    \n    \n\n        <div class=\"articles-data\">\n            \n                <span class=\"articles-unit\">2 kg (2 Packungen à 1 kg)</span>\n            \n            \n                \n                    <span class=\"articles-price red\">10,50 €</span>\n                    <span class=\"articles-basic-rate\">(je 1 kg = 5,25 €)<br></span>\n                \n            \n        </div>\n\n        <input type=\"hidden\" id=\"amount_512\" value=\"1\">\n\n       <!-- <div class=\"btn-group articles-buttons\">\n            <a href=\"javascript:void(0);\" class=\"btn btn-primary\" onclick=\"erisx_AddToCart(512);\"><i class=\"icon sprite-addtocart\"></i> In den Warenkorb</a>\n            <a class=\"btn btn-green btn-details\" href=\"de/kristall-salz-gemahlen\">i</a>\n            <br />Vorrätig - in 2-4 Werktagen bei Ihnen*\n        </div>-->\n\n\n\n            </div>\n        </article>\n        </div><div class=\"slide-elem cycle-slide\" style=\"position: static; top: 0px; left: 0px; z-index: 91; display: inline-block;\">\n        <article class=\"articles-repeater\">\n            <div class=\"articles-image\">\n                \n\n                <a href=\"de/tigerbalsam\" title=\"Tigerbalsam\"><img src=\"temp/imageapi/produkte-0200-0299--249-16d211.jpg\" width=\"200\" height=\"200\" alt=\"Tigerbalsam\" class=\"noscale\"></a>\n            </div>\n\n            <div class=\"articles-text\">\n\n                <h3 class=\"articles-title\"><a href=\"de/tigerbalsam\">Tigerbalsam</a></h3>\n\n                \n    \n        <div class=\"percent\">-16%</div>\n    \n    \n\n        <div class=\"articles-data\">\n            \n                <span class=\"articles-unit\">50 ml Glastiegel</span>\n            \n            \n                \n                    <span class=\"articles-price red\">7,50 €</span>\n                    <span class=\"articles-basic-rate\">(je 100 ml = 15,00 €)<br></span>\n                \n            \n        </div>\n\n        <input type=\"hidden\" id=\"amount_216\" value=\"1\">\n\n       <!-- <div class=\"btn-group articles-buttons\">\n            <a href=\"javascript:void(0);\" class=\"btn btn-primary\" onclick=\"erisx_AddToCart(216);\"><i class=\"icon sprite-addtocart\"></i> In den Warenkorb</a>\n            <a class=\"btn btn-green btn-details\" href=\"de/tigerbalsam\">i</a>\n            <br />Vorrätig - in 2-4 Werktagen bei Ihnen*\n        </div>-->\n\n\n\n            </div>\n        </article>\n        </div><div class=\"slide-elem cycle-slide\" style=\"position: static; top: 0px; left: 0px; z-index: 90; display: inline-block;\">\n        <article class=\"articles-repeater\">\n            <div class=\"articles-image\">\n                \n\n                <a href=\"de/ringelblumen-fluessigseife-1-liter\" title=\"Ringelblumen-Flüssigseife  1 Liter\"><img src=\"temp/imageapi/produkte-0200-0299--264-51514e.jpg\" width=\"200\" height=\"200\" alt=\"Ringelblumen-Flüssigseife  1 Liter\" class=\"noscale\"></a>\n            </div>\n\n            <div class=\"articles-text\">\n\n                <h3 class=\"articles-title\"><a href=\"de/ringelblumen-fluessigseife-1-liter\">Ringelblumen-Flüssigseife  1 Liter</a></h3>\n\n                \n    \n        <div class=\"percent\">-18%</div>\n    \n    \n\n        <div class=\"articles-data\">\n            \n                <span class=\"articles-unit\">1 Liter</span>\n            \n            \n                \n                    <span class=\"articles-price red\">6,50 €</span>\n                    <span class=\"articles-basic-rate\"></span>\n                \n            \n        </div>\n\n        <input type=\"hidden\" id=\"amount_11\" value=\"1\">\n\n       <!-- <div class=\"btn-group articles-buttons\">\n            <a href=\"javascript:void(0);\" class=\"btn btn-primary\" onclick=\"erisx_AddToCart(11);\"><i class=\"icon sprite-addtocart\"></i> In den Warenkorb</a>\n            <a class=\"btn btn-green btn-details\" href=\"de/ringelblumen-fluessigseife-1-liter\">i</a>\n            <br />Vorrätig - in 2-4 Werktagen bei Ihnen*\n        </div>-->\n\n\n\n            </div>\n        </article>\n        </div></div>\n    \n        \n    \n        \n    \n        \n    \n        \n    \n        \n    \n        \n    \n        \n    \n        \n    \n        \n    \n        \n    \n\n</div>\n\n<script>\n$('.rnd58fb24d25a3cb-slideshow').cycle({\n    fx: \"carousel\",\n    timeout: 0,\n    slides: \"> .slide-elem\",\n    prev: \"#rnd58fb24d25a3cb-prev\",\n    next: \"#rnd58fb24d25a3cb-next\",\n    swipe: true,\n    swipeFx: \"carousel\",\n    speed: 250\n});\n</script>\n\n                </div>\n            </div>\n        </section>\n\n        <section class=\"home-main\">\n            <div class=\"column2\">\n                <div class=\"teaser-products-top box-primary-small\">\n                    <div id=\"ajax58fb24d2ca9f6\" class=\"ajax-loader-wrapper\">\n    \n    <h2 class=\"box-title\">Topseller </h2>\n    \n    <div class=\"box-content\">\n            \n\n        <article class=\"articles-repeater\">\n            <div class=\"articles-image\">\n                <a href=\"/index.php?module=shop_articles&amp;index[shop_articles][action]=details&amp;index[shop_articles][data][shop_articles_id]=12&amp;emcs0=7&amp;emcs1=home&amp;emcs2=12&amp;emcs3=1267\"><img src=\"temp/imageapi/produkte-1200-1299--1267-421a94.jpg\" width=\"200\" height=\"200\" alt=\"Schwarzkümmelöl pur 250 ml\" class=\"noscale\"></a>\n                \n                \n                <div class=\"badge-top\">\n                    <img src=\"temp/explorer/files/badges/badge_top1.png\">\n                </div>\n                \n            </div>\n            <div class=\"articles-text\">\n                <h3 class=\"articles-title\"><a href=\"/index.php?module=shop_articles&amp;index[shop_articles][action]=details&amp;index[shop_articles][data][shop_articles_id]=12&amp;emcs0=7&amp;emcs1=home&amp;emcs2=12&amp;emcs3=1267\">Schwarzkümmelöl pur 250 ml</a></h3>\n\n                \n\n\n\n    <div class=\"articles-data\">\n        \n            <span class=\"articles-price\">12,00 €</span>\n        \n    </div>\n\n            </div>\n        </article>\n\n    \n\n        <article class=\"articles-repeater\">\n            <div class=\"articles-image\">\n                <a href=\"/index.php?module=shop_articles&amp;index[shop_articles][action]=details&amp;index[shop_articles][data][shop_articles_id]=505&amp;emcs0=7&amp;emcs1=home&amp;emcs2=505&amp;emcs3=805\"><img src=\"temp/imageapi/produkte-0800-0899--805-d19634.jpg\" width=\"200\" height=\"200\" alt=\"Grünlippmuschel-Kapseln\" class=\"noscale\"></a>\n                \n                \n                <div class=\"badge-top\">\n                    <img src=\"temp/explorer/files/badges/badge_top2.png\">\n                </div>\n                \n            </div>\n            <div class=\"articles-text\">\n                <h3 class=\"articles-title\"><a href=\"/index.php?module=shop_articles&amp;index[shop_articles][action]=details&amp;index[shop_articles][data][shop_articles_id]=505&amp;emcs0=7&amp;emcs1=home&amp;emcs2=505&amp;emcs3=805\">Grünlippmuschel-Kapseln</a></h3>\n\n                \n\n\n\n    <div class=\"articles-data\">\n        \n            <span class=\"articles-price\">12,50 €</span>\n        \n    </div>\n\n            </div>\n        </article>\n\n    \n\n        <article class=\"articles-repeater\">\n            <div class=\"articles-image\">\n                <a href=\"/index.php?module=shop_articles&amp;index[shop_articles][action]=details&amp;index[shop_articles][data][shop_articles_id]=1764&amp;emcs0=7&amp;emcs1=home&amp;emcs2=1764&amp;emcs3=1850\"><img src=\"temp/imageapi/produkte-1800-1899--1850-847c65.jpg\" width=\"200\" height=\"200\" alt=\"Grünlippmuschel-Kapseln  300 Kapseln\" class=\"noscale\"></a>\n                \n                \n                <div class=\"badge-top\">\n                    <img src=\"temp/explorer/files/badges/badge_top3.png\">\n                </div>\n                \n            </div>\n            <div class=\"articles-text\">\n                <h3 class=\"articles-title\"><a href=\"/index.php?module=shop_articles&amp;index[shop_articles][action]=details&amp;index[shop_articles][data][shop_articles_id]=1764&amp;emcs0=7&amp;emcs1=home&amp;emcs2=1764&amp;emcs3=1850\">Grünlippmuschel-Kapseln  300 Kapseln</a></h3>\n\n                \n\n\n\n    <div class=\"articles-data\">\n        \n            <span class=\"articles-price\">23,00 €</span>\n        \n    </div>\n\n            </div>\n        </article>\n\n        \n    </div>\n    \n    <div class=\"box-footer\">\n        <a href=\"de/topseller\" class=\"more\">Alle Topseller<i class=\"sprite-rq_green\"></i></a>\n    </div>\n    \n\n</div>\n\n            <script type=\"text/javascript\">\n                $( document ).ready ( function () {\n                    $('#ajax58fb24d2ca9f6').load( '/index.php?module=econda_widgets&index%5Beconda_widgets%5D%5Baction%5D=teaser&index%5Beconda_widgets%5D%5Btopseller%5D=TRUE&index%5Beconda_widgets%5D%5Bimage%5D%5Bwidth%5D=200&index%5Beconda_widgets%5D%5Blimit%5D=3&index%5Beconda_widgets%5D%5Bdata%5D%5Beconda_widgets_id%5D=3&index%5Beconda_widgets%5D%5BskipMainTemplate%5D=TRUE&index%5Beconda_widgets%5D%5Bajax%5D=TRUE' , {} , function () { $('#ajax58fb24d2ca9f6').areaReady () ; } );\n                } ) ;\n            </script>\n                </div>\n            </div>\n            <div class=\"column1\">\n                <div class=\"left articles-sub-small articles-home-small box-primary-small\">\n                    <div id=\"ajax58fb24d2caa67\" class=\"ajax-loader-wrapper\">\n    \n    <h2 class=\"box-title\">Unsere Klassiker </h2>\n    \n    <div class=\"box-content\">\n            \n\n        <article class=\"articles-repeater\">\n            <div class=\"articles-image\">\n                <a href=\"/index.php?module=shop_articles&amp;index[shop_articles][action]=details&amp;index[shop_articles][data][shop_articles_id]=276&amp;emcs0=6&amp;emcs1=home&amp;emcs2=276&amp;emcs3=1258\"><img src=\"temp/imageapi/produkte-1200-1299--1258_FeierabendLogo-480845.jpg\" width=\"60\" height=\"60\" alt=\"Handrücken-Pflegecreme\" class=\"noscale\"></a>\n                \n                \n            </div>\n            <div class=\"articles-text\">\n                <h3 class=\"articles-title\"><a href=\"/index.php?module=shop_articles&amp;index[shop_articles][action]=details&amp;index[shop_articles][data][shop_articles_id]=276&amp;emcs0=6&amp;emcs1=home&amp;emcs2=276&amp;emcs3=1258\">Handrücken-Pflegecreme</a></h3>\n\n                \n\n\n\n    <div class=\"articles-data\">\n        \n            <span class=\"articles-price\">7,60 €</span>\n        \n    </div>\n\n            </div>\n        </article>\n\n    \n\n        <article class=\"articles-repeater\">\n            <div class=\"articles-image\">\n                <a href=\"/index.php?module=shop_articles&amp;index[shop_articles][action]=details&amp;index[shop_articles][data][shop_articles_id]=51&amp;emcs0=6&amp;emcs1=home&amp;emcs2=51&amp;emcs3=105\"><img src=\"temp/imageapi/produkte-0100-0199--105-dfb2bd.jpg\" width=\"60\" height=\"60\" alt=\"Augenfit-Kapseln\" class=\"noscale\"></a>\n                \n                \n            </div>\n            <div class=\"articles-text\">\n                <h3 class=\"articles-title\"><a href=\"/index.php?module=shop_articles&amp;index[shop_articles][action]=details&amp;index[shop_articles][data][shop_articles_id]=51&amp;emcs0=6&amp;emcs1=home&amp;emcs2=51&amp;emcs3=105\">Augenfit-Kapseln</a></h3>\n\n                \n\n\n\n    <div class=\"articles-data\">\n        \n            <span class=\"articles-price\">12,50 €</span>\n        \n    </div>\n\n            </div>\n        </article>\n\n    \n\n        <article class=\"articles-repeater\">\n            <div class=\"articles-image\">\n                <a href=\"/index.php?module=shop_articles&amp;index[shop_articles][action]=details&amp;index[shop_articles][data][shop_articles_id]=1676&amp;emcs0=6&amp;emcs1=home&amp;emcs2=1676&amp;emcs3=1836\"><img src=\"temp/imageapi/produkte-1800-1899--1836-9bc762.jpg\" width=\"60\" height=\"60\" alt=\"Curcuma-Kapseln\" class=\"noscale\"></a>\n                \n                \n            </div>\n            <div class=\"articles-text\">\n                <h3 class=\"articles-title\"><a href=\"/index.php?module=shop_articles&amp;index[shop_articles][action]=details&amp;index[shop_articles][data][shop_articles_id]=1676&amp;emcs0=6&amp;emcs1=home&amp;emcs2=1676&amp;emcs3=1836\">Curcuma-Kapseln</a></h3>\n\n                \n\n\n\n    <div class=\"articles-data\">\n        \n            <span class=\"articles-price\">13,00 €</span>\n        \n    </div>\n\n            </div>\n        </article>\n\n        \n    </div>\n    \n\n</div>\n\n            <script type=\"text/javascript\">\n                $( document ).ready ( function () {\n                    $('#ajax58fb24d2caa67').load( '/index.php?module=econda_widgets&index%5Beconda_widgets%5D%5Baction%5D=teaser&index%5Beconda_widgets%5D%5Blimit%5D=3&index%5Beconda_widgets%5D%5Bdata%5D%5Beconda_widgets_id%5D=4&index%5Beconda_widgets%5D%5BskipMainTemplate%5D=TRUE&index%5Beconda_widgets%5D%5Bajax%5D=TRUE' , {} , function () { $('#ajax58fb24d2caa67').areaReady () ; } );\n                } ) ;\n            </script>\n                </div>\n                <div class=\"right articles-sub-small articles-home-small box-primary-small\">\n                    <div id=\"ajax58fb24d2caacd\" class=\"ajax-loader-wrapper\">\n    \n    <h2 class=\"box-title\">Unsere Empfehlung </h2>\n    \n    <div class=\"box-content\">\n            \n\n        <article class=\"articles-repeater\">\n            <div class=\"articles-image\">\n                <a href=\"/index.php?module=shop_articles&amp;index[shop_articles][action]=details&amp;index[shop_articles][data][shop_articles_id]=1858&amp;emcs0=9&amp;emcs1=home&amp;emcs2=1858&amp;emcs3=458\"><img src=\"temp/imageapi/produkte-0400-0499--458-a6fdf6.jpg\" width=\"60\" height=\"60\" alt=\"Sweet Nature Erythrit-Zuckerersatz\" class=\"noscale\"></a>\n                \n                \n            </div>\n            <div class=\"articles-text\">\n                <h3 class=\"articles-title\"><a href=\"/index.php?module=shop_articles&amp;index[shop_articles][action]=details&amp;index[shop_articles][data][shop_articles_id]=1858&amp;emcs0=9&amp;emcs1=home&amp;emcs2=1858&amp;emcs3=458\">Sweet Nature Erythrit-Zuckerersatz</a></h3>\n\n                \n\n\n\n    <div class=\"articles-data\">\n        \n            <span class=\"articles-price\">7,90 €</span>\n        \n    </div>\n\n            </div>\n        </article>\n\n    \n\n        <article class=\"articles-repeater\">\n            <div class=\"articles-image\">\n                <a href=\"/index.php?module=shop_articles&amp;index[shop_articles][action]=details&amp;index[shop_articles][data][shop_articles_id]=1932&amp;emcs0=9&amp;emcs1=home&amp;emcs2=1932&amp;emcs3=459\"><img src=\"temp/imageapi/produkte-0400-0499--459-42d82c.jpg\" width=\"60\" height=\"60\" alt=\"Xylitol Birkenzucker\" class=\"noscale\"></a>\n                \n                \n            </div>\n            <div class=\"articles-text\">\n                <h3 class=\"articles-title\"><a href=\"/index.php?module=shop_articles&amp;index[shop_articles][action]=details&amp;index[shop_articles][data][shop_articles_id]=1932&amp;emcs0=9&amp;emcs1=home&amp;emcs2=1932&amp;emcs3=459\">Xylitol Birkenzucker</a></h3>\n\n                \n\n\n\n    <div class=\"articles-data\">\n        \n            <span class=\"articles-price\">9,90 €</span>\n        \n    </div>\n\n            </div>\n        </article>\n\n    \n\n        <article class=\"articles-repeater\">\n            <div class=\"articles-image\">\n                <a href=\"/index.php?module=shop_articles&amp;index[shop_articles][action]=details&amp;index[shop_articles][data][shop_articles_id]=1778&amp;emcs0=9&amp;emcs1=home&amp;emcs2=1778&amp;emcs3=810\"><img src=\"temp/imageapi/produkte-0800-0899--810-092892.jpg\" width=\"60\" height=\"60\" alt=\"Grüner-Kaffee-Kapseln\" class=\"noscale\"></a>\n                \n                \n            </div>\n            <div class=\"articles-text\">\n                <h3 class=\"articles-title\"><a href=\"/index.php?module=shop_articles&amp;index[shop_articles][action]=details&amp;index[shop_articles][data][shop_articles_id]=1778&amp;emcs0=9&amp;emcs1=home&amp;emcs2=1778&amp;emcs3=810\">Grüner-Kaffee-Kapseln</a></h3>\n\n                \n\n\n\n    <div class=\"articles-data\">\n        \n            <span class=\"articles-price\">13,50 €</span>\n        \n    </div>\n\n            </div>\n        </article>\n\n        \n    </div>\n    \n\n</div>\n\n            <script type=\"text/javascript\">\n                $( document ).ready ( function () {\n                    $('#ajax58fb24d2caacd').load( '/index.php?module=econda_widgets&index%5Beconda_widgets%5D%5Baction%5D=teaser&index%5Beconda_widgets%5D%5Blimit%5D=3&index%5Beconda_widgets%5D%5Bdata%5D%5Beconda_widgets_id%5D=5&index%5Beconda_widgets%5D%5BskipMainTemplate%5D=TRUE&index%5Beconda_widgets%5D%5Bajax%5D=TRUE' , {} , function () { $('#ajax58fb24d2caacd').areaReady () ; } );\n                } ) ;\n            </script>\n                </div>\n            </div>\n        </section>\n\n        <section class=\"home-main\">\n            <div class=\"teaser-products-news\">\n                <h2 class=\"box-title\">\n                    Neue Produkte\n                    <a class=\"more\" href=\"de/produktneuheiten\">Alle Neuheiten<i class=\"sprite-rq_white\"></i></a>\n                    </h2>\n                <div class=\"box-content\">\n                    \n<a id=\"rnd58fb23c326729-prev\" class=\"prev cycle-control-elem\"><i class=\"fa fa-chevron-left\"></i></a>\n<a id=\"rnd58fb23c326729-next\" class=\"next cycle-control-elem\"><i class=\"fa fa-chevron-right\"></i></a>\n\n<div class=\"articles-carousel cycle-slideshow rnd58fb23c326729-slideshow\" data-cycle-fx=\"carousel\" data-cycle-timeout=\"0\" data-allow-wrap=\"true\" data-cycle-slides=\"> .slide-elem\" data-cycle-prev=\"#rnd58fb23c326729-prev\" data-cycle-next=\"#rnd58fb23c326729-next\" data-cycle-swipe=\"true\" data-cycle-swipe-fx=\"carousel\" data-cycle-speed=\"250\" style=\"position: relative; overflow: hidden;\"><div class=\"slide-elem cycle-slide cycle-sentinel\" style=\"position: static; top: 0px; left: 0px; z-index: 100; opacity: 1; display: block; visibility: hidden;\">\n        <article class=\"articles-repeater\" style=\"visibility: hidden;\">\n            <div class=\"articles-image\" style=\"visibility: hidden;\">\n                \n                    <img src=\"temp/explorer/files/badges/badge_new_de.png\" border=\"0\" class=\"badge-new\" style=\"visibility: hidden;\">\n                \n\n                <a href=\"de/vitamin-d-5.600-i.e.-wochendepot-kapseln\" title=\"Vitamin D 5.600 I.E. Wochendepot-Kapseln\" style=\"visibility: hidden;\"><img src=\"temp/imageapi/produkte-0100-0199--114-511139.jpg\" width=\"200\" height=\"200\" alt=\"Vitamin D 5.600 I.E. Wochendepot-Kapseln\" class=\"noscale\" style=\"visibility: hidden;\"></a>\n            </div>\n\n            <div class=\"articles-text\" style=\"visibility: hidden;\">\n\n                <h3 class=\"articles-title\" style=\"visibility: hidden;\"><a href=\"de/vitamin-d-5.600-i.e.-wochendepot-kapseln\" style=\"visibility: hidden;\">Vitamin D 5.600 I.E. Wochendepot-Kapseln</a></h3>\n\n                \n    \n    \n\n        <div class=\"articles-data\" style=\"visibility: hidden;\">\n            \n                <span class=\"articles-unit\" style=\"visibility: hidden;\">26 Kapseln</span>\n            \n            \n                \n                    <span class=\"articles-price \" style=\"visibility: hidden;\">6,00 €</span>\n                    <span class=\"articles-basic-rate\" style=\"visibility: hidden;\"></span>\n                \n            \n        </div>\n\n        <input type=\"hidden\" value=\"1\" style=\"visibility: hidden;\">\n\n       <!-- <div class=\"btn-group articles-buttons\">\n            <a href=\"javascript:void(0);\" class=\"btn btn-primary\" onclick=\"erisx_AddToCart(2026);\"><i class=\"icon sprite-addtocart\"></i> In den Warenkorb</a>\n            <a class=\"btn btn-green btn-details\" href=\"de/vitamin-d-5.600-i.e.-wochendepot-kapseln\">i</a>\n            <br />Vorrätig - in 2-4 Werktagen bei Ihnen*\n        </div>-->\n\n\n\n            </div>\n        </article>\n        </div><div class=\"cycle-carousel-wrap\" style=\"margin: 0px; padding: 0px; top: 0px; left: -2200px; position: absolute; white-space: nowrap;\"><div class=\"slide-elem cycle-slide\" style=\"position: static; top: 0px; left: 0px; z-index: 100; opacity: 1; display: inline-block; visibility: visible;\">\n        <article class=\"articles-repeater\">\n            <div class=\"articles-image\">\n                \n                    <img src=\"temp/explorer/files/badges/badge_new_de.png\" border=\"0\" class=\"badge-new\">\n                \n\n                <a href=\"de/vitamin-d-5.600-i.e.-wochendepot-kapseln\" title=\"Vitamin D 5.600 I.E. Wochendepot-Kapseln\"><img src=\"temp/imageapi/produkte-0100-0199--114-511139.jpg\" width=\"200\" height=\"200\" alt=\"Vitamin D 5.600 I.E. Wochendepot-Kapseln\" class=\"noscale\"></a>\n            </div>\n\n            <div class=\"articles-text\">\n\n                <h3 class=\"articles-title\"><a href=\"de/vitamin-d-5.600-i.e.-wochendepot-kapseln\">Vitamin D 5.600 I.E. Wochendepot-Kapseln</a></h3>\n\n                \n    \n    \n\n        <div class=\"articles-data\">\n            \n                <span class=\"articles-unit\">26 Kapseln</span>\n            \n            \n                \n                    <span class=\"articles-price \">6,00 €</span>\n                    <span class=\"articles-basic-rate\"></span>\n                \n            \n        </div>\n\n        <input type=\"hidden\" id=\"amount_2026\" value=\"1\">\n\n       <!-- <div class=\"btn-group articles-buttons\">\n            <a href=\"javascript:void(0);\" class=\"btn btn-primary\" onclick=\"erisx_AddToCart(2026);\"><i class=\"icon sprite-addtocart\"></i> In den Warenkorb</a>\n            <a class=\"btn btn-green btn-details\" href=\"de/vitamin-d-5.600-i.e.-wochendepot-kapseln\">i</a>\n            <br />Vorrätig - in 2-4 Werktagen bei Ihnen*\n        </div>-->\n\n\n\n            </div>\n        </article>\n        </div><div class=\"slide-elem cycle-slide\" style=\"position: static; top: 0px; left: 0px; z-index: 99; display: inline-block;\">\n        <article class=\"articles-repeater\">\n            <div class=\"articles-image\">\n                \n                    <img src=\"temp/explorer/files/badges/badge_new_de.png\" border=\"0\" class=\"badge-new\">\n                \n\n                <a href=\"de/magnesium-400-direkt-pulver\" title=\"Magnesium 400 Direkt Pulver\"><img src=\"temp/imageapi/produkte-0100-0199--115-e8778f.jpg\" width=\"200\" height=\"200\" alt=\"Magnesium 400 Direkt Pulver\" class=\"noscale\"></a>\n            </div>\n\n            <div class=\"articles-text\">\n\n                <h3 class=\"articles-title\"><a href=\"de/magnesium-400-direkt-pulver\">Magnesium 400 Direkt Pulver</a></h3>\n\n                \n    \n    \n\n        <div class=\"articles-data\">\n            \n                <span class=\"articles-unit\">60x 2,1 g</span>\n            \n            \n                \n                    <span class=\"articles-price \">8,50 €</span>\n                    <span class=\"articles-basic-rate\">(je 100 g = 6,75 €)<br></span>\n                \n            \n        </div>\n\n        <input type=\"hidden\" id=\"amount_2015\" value=\"1\">\n\n       <!-- <div class=\"btn-group articles-buttons\">\n            <a href=\"javascript:void(0);\" class=\"btn btn-primary\" onclick=\"erisx_AddToCart(2015);\"><i class=\"icon sprite-addtocart\"></i> In den Warenkorb</a>\n            <a class=\"btn btn-green btn-details\" href=\"de/magnesium-400-direkt-pulver\">i</a>\n            <br />Vorrätig - in 2-4 Werktagen bei Ihnen*\n        </div>-->\n\n\n\n            </div>\n        </article>\n        </div><div class=\"slide-elem cycle-slide\" style=\"position: static; top: 0px; left: 0px; z-index: 97; display: inline-block;\">\n        <article class=\"articles-repeater\">\n            <div class=\"articles-image\">\n                \n                    <img src=\"temp/explorer/files/badges/badge_new_de.png\" border=\"0\" class=\"badge-new\">\n                \n\n                <a href=\"de/bio-cranberry-vitalsaft\" title=\"Bio-Cranberry-Vitalsaft\"><img src=\"temp/imageapi/produkte-0700-0799--714-442ffc.jpg\" width=\"200\" height=\"200\" alt=\"Bio-Cranberry-Vitalsaft\" class=\"noscale\"></a>\n            </div>\n\n            <div class=\"articles-text\">\n\n                <h3 class=\"articles-title\"><a href=\"de/bio-cranberry-vitalsaft\">Bio-Cranberry-Vitalsaft</a></h3>\n\n                \n    \n    \n\n        <div class=\"articles-data\">\n            \n                <span class=\"articles-unit\">1 Liter</span>\n            \n            \n                \n                    <span class=\"articles-price \">11,00 €</span>\n                    <span class=\"articles-basic-rate\"></span>\n                \n            \n        </div>\n\n        <input type=\"hidden\" id=\"amount_2013\" value=\"1\">\n\n       <!-- <div class=\"btn-group articles-buttons\">\n            <a href=\"javascript:void(0);\" class=\"btn btn-primary\" onclick=\"erisx_AddToCart(2013);\"><i class=\"icon sprite-addtocart\"></i> In den Warenkorb</a>\n            <a class=\"btn btn-green btn-details\" href=\"de/bio-cranberry-vitalsaft\">i</a>\n            <br />Vorrätig - in 2-4 Werktagen bei Ihnen*\n        </div>-->\n\n\n\n            </div>\n        </article>\n        </div><div class=\"slide-elem cycle-slide\" style=\"position: static; top: 0px; left: 0px; z-index: 96; display: inline-block;\">\n        <article class=\"articles-repeater\">\n            <div class=\"articles-image\">\n                \n                    <img src=\"temp/explorer/files/badges/badge_new_de.png\" border=\"0\" class=\"badge-new\">\n                \n\n                <a href=\"de/blutfit-eisen-elixier-500-ml\" title=\"Blutfit Eisen-Elixier 500 ml\"><img src=\"temp/imageapi/produkte-0700-0799--715-a29579.jpg\" width=\"200\" height=\"200\" alt=\"Blutfit Eisen-Elixier 500 ml\" class=\"noscale\"></a>\n            </div>\n\n            <div class=\"articles-text\">\n\n                <h3 class=\"articles-title\"><a href=\"de/blutfit-eisen-elixier-500-ml\">Blutfit Eisen-Elixier 500 ml</a></h3>\n\n                \n    \n    \n\n        <div class=\"articles-data\">\n            \n                <span class=\"articles-unit\">500 ml</span>\n            \n            \n                \n                    <span class=\"articles-price \">9,50 €</span>\n                    <span class=\"articles-basic-rate\">(je 1 Liter = 19,00 €)<br></span>\n                \n            \n        </div>\n\n        <input type=\"hidden\" id=\"amount_2011\" value=\"1\">\n\n       <!-- <div class=\"btn-group articles-buttons\">\n            <a href=\"javascript:void(0);\" class=\"btn btn-primary\" onclick=\"erisx_AddToCart(2011);\"><i class=\"icon sprite-addtocart\"></i> In den Warenkorb</a>\n            <a class=\"btn btn-green btn-details\" href=\"de/blutfit-eisen-elixier-500-ml\">i</a>\n            <br />Vorrätig - in 2-4 Werktagen bei Ihnen*\n        </div>-->\n\n\n\n            </div>\n        </article>\n        </div><div class=\"slide-elem cycle-slide\" style=\"position: static; top: 0px; left: 0px; z-index: 95; display: inline-block;\">\n        <article class=\"articles-repeater\">\n            <div class=\"articles-image\">\n                \n                    <img src=\"temp/explorer/files/badges/badge_new_de.png\" border=\"0\" class=\"badge-new\">\n                \n\n                <a href=\"de/koerperschmeichler-koerperlotion\" title=\"Körperschmeichler Körperlotion\"><img src=\"temp/imageapi/produkte-1300-1399--1335-88d955.jpg\" width=\"200\" height=\"200\" alt=\"Körperschmeichler Körperlotion\" class=\"noscale\"></a>\n            </div>\n\n            <div class=\"articles-text\">\n\n                <h3 class=\"articles-title\"><a href=\"de/koerperschmeichler-koerperlotion\">Körperschmeichler Körperlotion</a></h3>\n\n                \n    \n    \n\n        <div class=\"articles-data\">\n            \n                <span class=\"articles-unit\">200 ml</span>\n            \n            \n                \n                    <span class=\"articles-price \">9,50 €</span>\n                    <span class=\"articles-basic-rate\">(je 100 ml = 4,75 €)<br></span>\n                \n            \n        </div>\n\n        <input type=\"hidden\" id=\"amount_2016\" value=\"1\">\n\n       <!-- <div class=\"btn-group articles-buttons\">\n            <a href=\"javascript:void(0);\" class=\"btn btn-primary\" onclick=\"erisx_AddToCart(2016);\"><i class=\"icon sprite-addtocart\"></i> In den Warenkorb</a>\n            <a class=\"btn btn-green btn-details\" href=\"de/koerperschmeichler-koerperlotion\">i</a>\n            <br />Vorrätig - in 2-4 Werktagen bei Ihnen*\n        </div>-->\n\n\n\n            </div>\n        </article>\n        </div><div class=\"slide-elem cycle-slide\" style=\"position: static; top: 0px; left: 0px; z-index: 94; display: inline-block;\">\n        <article class=\"articles-repeater\">\n            <div class=\"articles-image\">\n                \n                    <img src=\"temp/explorer/files/badges/badge_new_de.png\" border=\"0\" class=\"badge-new\">\n                \n\n                <a href=\"de/meersalz-nasen-spray-sensitiv\" title=\"Meersalz Nasen-Spray sensitiv\"><img src=\"temp/imageapi/produkte-0200-0299--253-33d38e.jpg\" width=\"200\" height=\"200\" alt=\"Meersalz Nasen-Spray sensitiv\" class=\"noscale\"></a>\n            </div>\n\n            <div class=\"articles-text\">\n\n                <h3 class=\"articles-title\"><a href=\"de/meersalz-nasen-spray-sensitiv\">Meersalz Nasen-Spray sensitiv</a></h3>\n\n                \n    \n    \n\n        <div class=\"articles-data\">\n            \n                <span class=\"articles-unit\">20 ml</span>\n            \n            \n                \n                    <span class=\"articles-price \">3,50 €</span>\n                    <span class=\"articles-basic-rate\">(je 100 ml = 17,50 €)<br></span>\n                \n            \n        </div>\n\n        <input type=\"hidden\" id=\"amount_2021\" value=\"1\">\n\n       <!-- <div class=\"btn-group articles-buttons\">\n            <a href=\"javascript:void(0);\" class=\"btn btn-primary\" onclick=\"erisx_AddToCart(2021);\"><i class=\"icon sprite-addtocart\"></i> In den Warenkorb</a>\n            <a class=\"btn btn-green btn-details\" href=\"de/meersalz-nasen-spray-sensitiv\">i</a>\n            <br />Vorrätig - in 2-4 Werktagen bei Ihnen*\n        </div>-->\n\n\n\n            </div>\n        </article>\n        </div><div class=\"slide-elem cycle-slide\" style=\"position: static; top: 0px; left: 0px; z-index: 93; display: inline-block;\">\n        <article class=\"articles-repeater\">\n            <div class=\"articles-image\">\n                \n                    <img src=\"temp/explorer/files/badges/badge_new_de.png\" border=\"0\" class=\"badge-new\">\n                \n\n                <a href=\"de/anti-aging-sb-500-koerperlotion\" title=\"Anti-Aging SB 500 Körperlotion\"><img src=\"temp/imageapi/produkte-1300-1399--1384-c61984.jpg\" width=\"200\" height=\"200\" alt=\"Anti-Aging SB 500 Körperlotion\" class=\"noscale\"></a>\n            </div>\n\n            <div class=\"articles-text\">\n\n                <h3 class=\"articles-title\"><a href=\"de/anti-aging-sb-500-koerperlotion\">Anti-Aging SB 500 Körperlotion</a></h3>\n\n                \n    \n    \n\n        <div class=\"articles-data\">\n            \n                <span class=\"articles-unit\">200 ml</span>\n            \n            \n                \n                    <span class=\"articles-price \">19,50 €</span>\n                    <span class=\"articles-basic-rate\">(je 100 ml = 9,75 €)<br></span>\n                \n            \n        </div>\n\n        <input type=\"hidden\" id=\"amount_2017\" value=\"1\">\n\n       <!-- <div class=\"btn-group articles-buttons\">\n            <a href=\"javascript:void(0);\" class=\"btn btn-primary\" onclick=\"erisx_AddToCart(2017);\"><i class=\"icon sprite-addtocart\"></i> In den Warenkorb</a>\n            <a class=\"btn btn-green btn-details\" href=\"de/anti-aging-sb-500-koerperlotion\">i</a>\n            <br />Vorrätig - in 2-4 Werktagen bei Ihnen*\n        </div>-->\n\n\n\n            </div>\n        </article>\n        </div><div class=\"slide-elem cycle-slide\" style=\"position: static; top: 0px; left: 0px; z-index: 92; display: inline-block;\">\n        <article class=\"articles-repeater\">\n            <div class=\"articles-image\">\n                \n                    <img src=\"temp/explorer/files/badges/badge_new_de.png\" border=\"0\" class=\"badge-new\">\n                \n\n                <a href=\"de/blutfit-eisen-elixier-1000-ml\" title=\"Blutfit Eisen-Elixier 1000 ml\"><img src=\"temp/imageapi/produkte-0700-0799--716-a2263b.jpg\" width=\"200\" height=\"200\" alt=\"Blutfit Eisen-Elixier 1000 ml\" class=\"noscale\"></a>\n            </div>\n\n            <div class=\"articles-text\">\n\n                <h3 class=\"articles-title\"><a href=\"de/blutfit-eisen-elixier-1000-ml\">Blutfit Eisen-Elixier 1000 ml</a></h3>\n\n                \n    \n    \n\n        <div class=\"articles-data\">\n            \n                <span class=\"articles-unit\">1 Liter</span>\n            \n            \n                \n                    <span class=\"articles-price \">16,50 €</span>\n                    <span class=\"articles-basic-rate\"></span>\n                \n            \n        </div>\n\n        <input type=\"hidden\" id=\"amount_2010\" value=\"1\">\n\n       <!-- <div class=\"btn-group articles-buttons\">\n            <a href=\"javascript:void(0);\" class=\"btn btn-primary\" onclick=\"erisx_AddToCart(2010);\"><i class=\"icon sprite-addtocart\"></i> In den Warenkorb</a>\n            <a class=\"btn btn-green btn-details\" href=\"de/blutfit-eisen-elixier-1000-ml\">i</a>\n            <br />Vorrätig - in 2-4 Werktagen bei Ihnen*\n        </div>-->\n\n\n\n            </div>\n        </article>\n        </div><div class=\"slide-elem cycle-slide\" style=\"position: static; top: 0px; left: 0px; z-index: 91; display: inline-block;\">\n        <article class=\"articles-repeater\">\n            <div class=\"articles-image\">\n                \n                    <img src=\"temp/explorer/files/badges/badge_new_de.png\" border=\"0\" class=\"badge-new\">\n                \n\n                <a href=\"de/propolis-vitamin-c-kapseln\" title=\"Propolis-Vitamin-C-Kapseln\"><img src=\"temp/imageapi/produkte-0000-0099--62-70e51f.jpg\" width=\"200\" height=\"200\" alt=\"Propolis-Vitamin-C-Kapseln\" class=\"noscale\"></a>\n            </div>\n\n            <div class=\"articles-text\">\n\n                <h3 class=\"articles-title\"><a href=\"de/propolis-vitamin-c-kapseln\">Propolis-Vitamin-C-Kapseln</a></h3>\n\n                \n    \n    \n\n        <div class=\"articles-data\">\n            \n                <span class=\"articles-unit\">90 Kapseln</span>\n            \n            \n                \n                    <span class=\"articles-price \">15,00 €</span>\n                    <span class=\"articles-basic-rate\"></span>\n                \n            \n        </div>\n\n        <input type=\"hidden\" id=\"amount_2018\" value=\"1\">\n\n       <!-- <div class=\"btn-group articles-buttons\">\n            <a href=\"javascript:void(0);\" class=\"btn btn-primary\" onclick=\"erisx_AddToCart(2018);\"><i class=\"icon sprite-addtocart\"></i> In den Warenkorb</a>\n            <a class=\"btn btn-green btn-details\" href=\"de/propolis-vitamin-c-kapseln\">i</a>\n            <br />Vorrätig - in 2-4 Werktagen bei Ihnen*\n        </div>-->\n\n\n\n            </div>\n        </article>\n        </div><div class=\"slide-elem cycle-slide\" style=\"position: static; top: 0px; left: 0px; z-index: 90; display: inline-block;\">\n        <article class=\"articles-repeater\">\n            <div class=\"articles-image\">\n                \n                    <img src=\"temp/explorer/files/badges/badge_new_de.png\" border=\"0\" class=\"badge-new\">\n                \n\n                <a href=\"de/manuka-honig-mgo-200\" title=\"Manuka-Honig MGO 200+\"><img src=\"temp/imageapi/produkte-0000-0099--26-156981.jpg\" width=\"200\" height=\"200\" alt=\"Manuka-Honig MGO 200+\" class=\"noscale\"></a>\n            </div>\n\n            <div class=\"articles-text\">\n\n                <h3 class=\"articles-title\"><a href=\"de/manuka-honig-mgo-200\">Manuka-Honig MGO 200+</a></h3>\n\n                \n    \n    \n\n        <div class=\"articles-data\">\n            \n                <span class=\"articles-unit\">250 g</span>\n            \n            \n                \n                    <span class=\"articles-price \">24,95 €</span>\n                    <span class=\"articles-basic-rate\">(je 100 g = 9,98 €)<br></span>\n                \n            \n        </div>\n\n        <input type=\"hidden\" id=\"amount_2003\" value=\"1\">\n\n       <!-- <div class=\"btn-group articles-buttons\">\n            <a href=\"javascript:void(0);\" class=\"btn btn-primary\" onclick=\"erisx_AddToCart(2003);\"><i class=\"icon sprite-addtocart\"></i> In den Warenkorb</a>\n            <a class=\"btn btn-green btn-details\" href=\"de/manuka-honig-mgo-200\">i</a>\n            <br />Vorrätig - in 2-4 Werktagen bei Ihnen*\n        </div>-->\n\n\n\n            </div>\n        </article>\n        </div><div class=\"slide-elem cycle-slide\" style=\"position: static; top: 0px; left: 0px; z-index: 100; opacity: 1; display: inline-block; visibility: visible;\">\n        <article class=\"articles-repeater\">\n            <div class=\"articles-image\">\n                \n                    <img src=\"temp/explorer/files/badges/badge_new_de.png\" border=\"0\" class=\"badge-new\">\n                \n\n                <a href=\"de/vitamin-d-5.600-i.e.-wochendepot-kapseln\" title=\"Vitamin D 5.600 I.E. Wochendepot-Kapseln\"><img src=\"temp/imageapi/produkte-0100-0199--114-511139.jpg\" width=\"200\" height=\"200\" alt=\"Vitamin D 5.600 I.E. Wochendepot-Kapseln\" class=\"noscale\"></a>\n            </div>\n\n            <div class=\"articles-text\">\n\n                <h3 class=\"articles-title\"><a href=\"de/vitamin-d-5.600-i.e.-wochendepot-kapseln\">Vitamin D 5.600 I.E. Wochendepot-Kapseln</a></h3>\n\n                \n    \n    \n\n        <div class=\"articles-data\">\n            \n                <span class=\"articles-unit\">26 Kapseln</span>\n            \n            \n                \n                    <span class=\"articles-price \">6,00 €</span>\n                    <span class=\"articles-basic-rate\"></span>\n                \n            \n        </div>\n\n        <input type=\"hidden\" id=\"amount_2026\" value=\"1\">\n\n       <!-- <div class=\"btn-group articles-buttons\">\n            <a href=\"javascript:void(0);\" class=\"btn btn-primary\" onclick=\"erisx_AddToCart(2026);\"><i class=\"icon sprite-addtocart\"></i> In den Warenkorb</a>\n            <a class=\"btn btn-green btn-details\" href=\"de/vitamin-d-5.600-i.e.-wochendepot-kapseln\">i</a>\n            <br />Vorrätig - in 2-4 Werktagen bei Ihnen*\n        </div>-->\n\n\n\n            </div>\n        </article>\n        </div><div class=\"slide-elem cycle-slide\" style=\"position: static; top: 0px; left: 0px; z-index: 99; display: inline-block;\">\n        <article class=\"articles-repeater\">\n            <div class=\"articles-image\">\n                \n                    <img src=\"temp/explorer/files/badges/badge_new_de.png\" border=\"0\" class=\"badge-new\">\n                \n\n                <a href=\"de/magnesium-400-direkt-pulver\" title=\"Magnesium 400 Direkt Pulver\"><img src=\"temp/imageapi/produkte-0100-0199--115-e8778f.jpg\" width=\"200\" height=\"200\" alt=\"Magnesium 400 Direkt Pulver\" class=\"noscale\"></a>\n            </div>\n\n            <div class=\"articles-text\">\n\n                <h3 class=\"articles-title\"><a href=\"de/magnesium-400-direkt-pulver\">Magnesium 400 Direkt Pulver</a></h3>\n\n                \n    \n    \n\n        <div class=\"articles-data\">\n            \n                <span class=\"articles-unit\">60x 2,1 g</span>\n            \n            \n                \n                    <span class=\"articles-price \">8,50 €</span>\n                    <span class=\"articles-basic-rate\">(je 100 g = 6,75 €)<br></span>\n                \n            \n        </div>\n\n        <input type=\"hidden\" id=\"amount_2015\" value=\"1\">\n\n       <!-- <div class=\"btn-group articles-buttons\">\n            <a href=\"javascript:void(0);\" class=\"btn btn-primary\" onclick=\"erisx_AddToCart(2015);\"><i class=\"icon sprite-addtocart\"></i> In den Warenkorb</a>\n            <a class=\"btn btn-green btn-details\" href=\"de/magnesium-400-direkt-pulver\">i</a>\n            <br />Vorrätig - in 2-4 Werktagen bei Ihnen*\n        </div>-->\n\n\n\n            </div>\n        </article>\n        </div><div class=\"slide-elem cycle-slide\" style=\"position: static; top: 0px; left: 0px; z-index: 97; display: inline-block;\">\n        <article class=\"articles-repeater\">\n            <div class=\"articles-image\">\n                \n                    <img src=\"temp/explorer/files/badges/badge_new_de.png\" border=\"0\" class=\"badge-new\">\n                \n\n                <a href=\"de/bio-cranberry-vitalsaft\" title=\"Bio-Cranberry-Vitalsaft\"><img src=\"temp/imageapi/produkte-0700-0799--714-442ffc.jpg\" width=\"200\" height=\"200\" alt=\"Bio-Cranberry-Vitalsaft\" class=\"noscale\"></a>\n            </div>\n\n            <div class=\"articles-text\">\n\n                <h3 class=\"articles-title\"><a href=\"de/bio-cranberry-vitalsaft\">Bio-Cranberry-Vitalsaft</a></h3>\n\n                \n    \n    \n\n        <div class=\"articles-data\">\n            \n                <span class=\"articles-unit\">1 Liter</span>\n            \n            \n                \n                    <span class=\"articles-price \">11,00 €</span>\n                    <span class=\"articles-basic-rate\"></span>\n                \n            \n        </div>\n\n        <input type=\"hidden\" id=\"amount_2013\" value=\"1\">\n\n       <!-- <div class=\"btn-group articles-buttons\">\n            <a href=\"javascript:void(0);\" class=\"btn btn-primary\" onclick=\"erisx_AddToCart(2013);\"><i class=\"icon sprite-addtocart\"></i> In den Warenkorb</a>\n            <a class=\"btn btn-green btn-details\" href=\"de/bio-cranberry-vitalsaft\">i</a>\n            <br />Vorrätig - in 2-4 Werktagen bei Ihnen*\n        </div>-->\n\n\n\n            </div>\n        </article>\n        </div><div class=\"slide-elem cycle-slide\" style=\"position: static; top: 0px; left: 0px; z-index: 96; display: inline-block;\">\n        <article class=\"articles-repeater\">\n            <div class=\"articles-image\">\n                \n                    <img src=\"temp/explorer/files/badges/badge_new_de.png\" border=\"0\" class=\"badge-new\">\n                \n\n                <a href=\"de/blutfit-eisen-elixier-500-ml\" title=\"Blutfit Eisen-Elixier 500 ml\"><img src=\"temp/imageapi/produkte-0700-0799--715-a29579.jpg\" width=\"200\" height=\"200\" alt=\"Blutfit Eisen-Elixier 500 ml\" class=\"noscale\"></a>\n            </div>\n\n            <div class=\"articles-text\">\n\n                <h3 class=\"articles-title\"><a href=\"de/blutfit-eisen-elixier-500-ml\">Blutfit Eisen-Elixier 500 ml</a></h3>\n\n                \n    \n    \n\n        <div class=\"articles-data\">\n            \n                <span class=\"articles-unit\">500 ml</span>\n            \n            \n                \n                    <span class=\"articles-price \">9,50 €</span>\n                    <span class=\"articles-basic-rate\">(je 1 Liter = 19,00 €)<br></span>\n                \n            \n        </div>\n\n        <input type=\"hidden\" id=\"amount_2011\" value=\"1\">\n\n       <!-- <div class=\"btn-group articles-buttons\">\n            <a href=\"javascript:void(0);\" class=\"btn btn-primary\" onclick=\"erisx_AddToCart(2011);\"><i class=\"icon sprite-addtocart\"></i> In den Warenkorb</a>\n            <a class=\"btn btn-green btn-details\" href=\"de/blutfit-eisen-elixier-500-ml\">i</a>\n            <br />Vorrätig - in 2-4 Werktagen bei Ihnen*\n        </div>-->\n\n\n\n            </div>\n        </article>\n        </div><div class=\"slide-elem cycle-slide\" style=\"position: static; top: 0px; left: 0px; z-index: 95; display: inline-block;\">\n        <article class=\"articles-repeater\">\n            <div class=\"articles-image\">\n                \n                    <img src=\"temp/explorer/files/badges/badge_new_de.png\" border=\"0\" class=\"badge-new\">\n                \n\n                <a href=\"de/koerperschmeichler-koerperlotion\" title=\"Körperschmeichler Körperlotion\"><img src=\"temp/imageapi/produkte-1300-1399--1335-88d955.jpg\" width=\"200\" height=\"200\" alt=\"Körperschmeichler Körperlotion\" class=\"noscale\"></a>\n            </div>\n\n            <div class=\"articles-text\">\n\n                <h3 class=\"articles-title\"><a href=\"de/koerperschmeichler-koerperlotion\">Körperschmeichler Körperlotion</a></h3>\n\n                \n    \n    \n\n        <div class=\"articles-data\">\n            \n                <span class=\"articles-unit\">200 ml</span>\n            \n            \n                \n                    <span class=\"articles-price \">9,50 €</span>\n                    <span class=\"articles-basic-rate\">(je 100 ml = 4,75 €)<br></span>\n                \n            \n        </div>\n\n        <input type=\"hidden\" id=\"amount_2016\" value=\"1\">\n\n       <!-- <div class=\"btn-group articles-buttons\">\n            <a href=\"javascript:void(0);\" class=\"btn btn-primary\" onclick=\"erisx_AddToCart(2016);\"><i class=\"icon sprite-addtocart\"></i> In den Warenkorb</a>\n            <a class=\"btn btn-green btn-details\" href=\"de/koerperschmeichler-koerperlotion\">i</a>\n            <br />Vorrätig - in 2-4 Werktagen bei Ihnen*\n        </div>-->\n\n\n\n            </div>\n        </article>\n        </div><div class=\"slide-elem cycle-slide\" style=\"position: static; top: 0px; left: 0px; z-index: 94; display: inline-block;\">\n        <article class=\"articles-repeater\">\n            <div class=\"articles-image\">\n                \n                    <img src=\"temp/explorer/files/badges/badge_new_de.png\" border=\"0\" class=\"badge-new\">\n                \n\n                <a href=\"de/meersalz-nasen-spray-sensitiv\" title=\"Meersalz Nasen-Spray sensitiv\"><img src=\"temp/imageapi/produkte-0200-0299--253-33d38e.jpg\" width=\"200\" height=\"200\" alt=\"Meersalz Nasen-Spray sensitiv\" class=\"noscale\"></a>\n            </div>\n\n            <div class=\"articles-text\">\n\n                <h3 class=\"articles-title\"><a href=\"de/meersalz-nasen-spray-sensitiv\">Meersalz Nasen-Spray sensitiv</a></h3>\n\n                \n    \n    \n\n        <div class=\"articles-data\">\n            \n                <span class=\"articles-unit\">20 ml</span>\n            \n            \n                \n                    <span class=\"articles-price \">3,50 €</span>\n                    <span class=\"articles-basic-rate\">(je 100 ml = 17,50 €)<br></span>\n                \n            \n        </div>\n\n        <input type=\"hidden\" id=\"amount_2021\" value=\"1\">\n\n       <!-- <div class=\"btn-group articles-buttons\">\n            <a href=\"javascript:void(0);\" class=\"btn btn-primary\" onclick=\"erisx_AddToCart(2021);\"><i class=\"icon sprite-addtocart\"></i> In den Warenkorb</a>\n            <a class=\"btn btn-green btn-details\" href=\"de/meersalz-nasen-spray-sensitiv\">i</a>\n            <br />Vorrätig - in 2-4 Werktagen bei Ihnen*\n        </div>-->\n\n\n\n            </div>\n        </article>\n        </div><div class=\"slide-elem cycle-slide\" style=\"position: static; top: 0px; left: 0px; z-index: 93; display: inline-block;\">\n        <article class=\"articles-repeater\">\n            <div class=\"articles-image\">\n                \n                    <img src=\"temp/explorer/files/badges/badge_new_de.png\" border=\"0\" class=\"badge-new\">\n                \n\n                <a href=\"de/anti-aging-sb-500-koerperlotion\" title=\"Anti-Aging SB 500 Körperlotion\"><img src=\"temp/imageapi/produkte-1300-1399--1384-c61984.jpg\" width=\"200\" height=\"200\" alt=\"Anti-Aging SB 500 Körperlotion\" class=\"noscale\"></a>\n            </div>\n\n            <div class=\"articles-text\">\n\n                <h3 class=\"articles-title\"><a href=\"de/anti-aging-sb-500-koerperlotion\">Anti-Aging SB 500 Körperlotion</a></h3>\n\n                \n    \n    \n\n        <div class=\"articles-data\">\n            \n                <span class=\"articles-unit\">200 ml</span>\n            \n            \n                \n                    <span class=\"articles-price \">19,50 €</span>\n                    <span class=\"articles-basic-rate\">(je 100 ml = 9,75 €)<br></span>\n                \n            \n        </div>\n\n        <input type=\"hidden\" id=\"amount_2017\" value=\"1\">\n\n       <!-- <div class=\"btn-group articles-buttons\">\n            <a href=\"javascript:void(0);\" class=\"btn btn-primary\" onclick=\"erisx_AddToCart(2017);\"><i class=\"icon sprite-addtocart\"></i> In den Warenkorb</a>\n            <a class=\"btn btn-green btn-details\" href=\"de/anti-aging-sb-500-koerperlotion\">i</a>\n            <br />Vorrätig - in 2-4 Werktagen bei Ihnen*\n        </div>-->\n\n\n\n            </div>\n        </article>\n        </div><div class=\"slide-elem cycle-slide\" style=\"position: static; top: 0px; left: 0px; z-index: 92; display: inline-block;\">\n        <article class=\"articles-repeater\">\n            <div class=\"articles-image\">\n                \n                    <img src=\"temp/explorer/files/badges/badge_new_de.png\" border=\"0\" class=\"badge-new\">\n                \n\n                <a href=\"de/blutfit-eisen-elixier-1000-ml\" title=\"Blutfit Eisen-Elixier 1000 ml\"><img src=\"temp/imageapi/produkte-0700-0799--716-a2263b.jpg\" width=\"200\" height=\"200\" alt=\"Blutfit Eisen-Elixier 1000 ml\" class=\"noscale\"></a>\n            </div>\n\n            <div class=\"articles-text\">\n\n                <h3 class=\"articles-title\"><a href=\"de/blutfit-eisen-elixier-1000-ml\">Blutfit Eisen-Elixier 1000 ml</a></h3>\n\n                \n    \n    \n\n        <div class=\"articles-data\">\n            \n                <span class=\"articles-unit\">1 Liter</span>\n            \n            \n                \n                    <span class=\"articles-price \">16,50 €</span>\n                    <span class=\"articles-basic-rate\"></span>\n                \n            \n        </div>\n\n        <input type=\"hidden\" id=\"amount_2010\" value=\"1\">\n\n       <!-- <div class=\"btn-group articles-buttons\">\n            <a href=\"javascript:void(0);\" class=\"btn btn-primary\" onclick=\"erisx_AddToCart(2010);\"><i class=\"icon sprite-addtocart\"></i> In den Warenkorb</a>\n            <a class=\"btn btn-green btn-details\" href=\"de/blutfit-eisen-elixier-1000-ml\">i</a>\n            <br />Vorrätig - in 2-4 Werktagen bei Ihnen*\n        </div>-->\n\n\n\n            </div>\n        </article>\n        </div><div class=\"slide-elem cycle-slide\" style=\"position: static; top: 0px; left: 0px; z-index: 91; display: inline-block;\">\n        <article class=\"articles-repeater\">\n            <div class=\"articles-image\">\n                \n                    <img src=\"temp/explorer/files/badges/badge_new_de.png\" border=\"0\" class=\"badge-new\">\n                \n\n                <a href=\"de/propolis-vitamin-c-kapseln\" title=\"Propolis-Vitamin-C-Kapseln\"><img src=\"temp/imageapi/produkte-0000-0099--62-70e51f.jpg\" width=\"200\" height=\"200\" alt=\"Propolis-Vitamin-C-Kapseln\" class=\"noscale\"></a>\n            </div>\n\n            <div class=\"articles-text\">\n\n                <h3 class=\"articles-title\"><a href=\"de/propolis-vitamin-c-kapseln\">Propolis-Vitamin-C-Kapseln</a></h3>\n\n                \n    \n    \n\n        <div class=\"articles-data\">\n            \n                <span class=\"articles-unit\">90 Kapseln</span>\n            \n            \n                \n                    <span class=\"articles-price \">15,00 €</span>\n                    <span class=\"articles-basic-rate\"></span>\n                \n            \n        </div>\n\n        <input type=\"hidden\" id=\"amount_2018\" value=\"1\">\n\n       <!-- <div class=\"btn-group articles-buttons\">\n            <a href=\"javascript:void(0);\" class=\"btn btn-primary\" onclick=\"erisx_AddToCart(2018);\"><i class=\"icon sprite-addtocart\"></i> In den Warenkorb</a>\n            <a class=\"btn btn-green btn-details\" href=\"de/propolis-vitamin-c-kapseln\">i</a>\n            <br />Vorrätig - in 2-4 Werktagen bei Ihnen*\n        </div>-->\n\n\n\n            </div>\n        </article>\n        </div><div class=\"slide-elem cycle-slide\" style=\"position: static; top: 0px; left: 0px; z-index: 90; display: inline-block;\">\n        <article class=\"articles-repeater\">\n            <div class=\"articles-image\">\n                \n                    <img src=\"temp/explorer/files/badges/badge_new_de.png\" border=\"0\" class=\"badge-new\">\n                \n\n                <a href=\"de/manuka-honig-mgo-200\" title=\"Manuka-Honig MGO 200+\"><img src=\"temp/imageapi/produkte-0000-0099--26-156981.jpg\" width=\"200\" height=\"200\" alt=\"Manuka-Honig MGO 200+\" class=\"noscale\"></a>\n            </div>\n\n            <div class=\"articles-text\">\n\n                <h3 class=\"articles-title\"><a href=\"de/manuka-honig-mgo-200\">Manuka-Honig MGO 200+</a></h3>\n\n                \n    \n    \n\n        <div class=\"articles-data\">\n            \n                <span class=\"articles-unit\">250 g</span>\n            \n            \n                \n                    <span class=\"articles-price \">24,95 €</span>\n                    <span class=\"articles-basic-rate\">(je 100 g = 9,98 €)<br></span>\n                \n            \n        </div>\n\n        <input type=\"hidden\" id=\"amount_2003\" value=\"1\">\n\n       <!-- <div class=\"btn-group articles-buttons\">\n            <a href=\"javascript:void(0);\" class=\"btn btn-primary\" onclick=\"erisx_AddToCart(2003);\"><i class=\"icon sprite-addtocart\"></i> In den Warenkorb</a>\n            <a class=\"btn btn-green btn-details\" href=\"de/manuka-honig-mgo-200\">i</a>\n            <br />Vorrätig - in 2-4 Werktagen bei Ihnen*\n        </div>-->\n\n\n\n            </div>\n        </article>\n        </div><div class=\"slide-elem cycle-slide cycle-slide-active\" style=\"position: static; top: 0px; left: 0px; z-index: 100; opacity: 1; display: inline-block; visibility: visible;\">\n        <article class=\"articles-repeater\">\n            <div class=\"articles-image\">\n                \n                    <img src=\"temp/explorer/files/badges/badge_new_de.png\" border=\"0\" class=\"badge-new\">\n                \n\n                <a href=\"de/vitamin-d-5.600-i.e.-wochendepot-kapseln\" title=\"Vitamin D 5.600 I.E. Wochendepot-Kapseln\"><img src=\"temp/imageapi/produkte-0100-0199--114-511139.jpg\" width=\"200\" height=\"200\" alt=\"Vitamin D 5.600 I.E. Wochendepot-Kapseln\" class=\"noscale\"></a>\n            </div>\n\n            <div class=\"articles-text\">\n\n                <h3 class=\"articles-title\"><a href=\"de/vitamin-d-5.600-i.e.-wochendepot-kapseln\">Vitamin D 5.600 I.E. Wochendepot-Kapseln</a></h3>\n\n                \n    \n    \n\n        <div class=\"articles-data\">\n            \n                <span class=\"articles-unit\">26 Kapseln</span>\n            \n            \n                \n                    <span class=\"articles-price \">6,00 €</span>\n                    <span class=\"articles-basic-rate\"></span>\n                \n            \n        </div>\n\n        <input type=\"hidden\" id=\"amount_2026\" value=\"1\">\n\n       <!-- <div class=\"btn-group articles-buttons\">\n            <a href=\"javascript:void(0);\" class=\"btn btn-primary\" onclick=\"erisx_AddToCart(2026);\"><i class=\"icon sprite-addtocart\"></i> In den Warenkorb</a>\n            <a class=\"btn btn-green btn-details\" href=\"de/vitamin-d-5.600-i.e.-wochendepot-kapseln\">i</a>\n            <br />Vorrätig - in 2-4 Werktagen bei Ihnen*\n        </div>-->\n\n\n\n            </div>\n        </article>\n        </div><div class=\"slide-elem cycle-slide\" style=\"position: static; top: 0px; left: 0px; z-index: 99; display: inline-block;\">\n        <article class=\"articles-repeater\">\n            <div class=\"articles-image\">\n                \n                    <img src=\"temp/explorer/files/badges/badge_new_de.png\" border=\"0\" class=\"badge-new\">\n                \n\n                <a href=\"de/magnesium-400-direkt-pulver\" title=\"Magnesium 400 Direkt Pulver\"><img src=\"temp/imageapi/produkte-0100-0199--115-e8778f.jpg\" width=\"200\" height=\"200\" alt=\"Magnesium 400 Direkt Pulver\" class=\"noscale\"></a>\n            </div>\n\n            <div class=\"articles-text\">\n\n                <h3 class=\"articles-title\"><a href=\"de/magnesium-400-direkt-pulver\">Magnesium 400 Direkt Pulver</a></h3>\n\n                \n    \n    \n\n        <div class=\"articles-data\">\n            \n                <span class=\"articles-unit\">60x 2,1 g</span>\n            \n            \n                \n                    <span class=\"articles-price \">8,50 €</span>\n                    <span class=\"articles-basic-rate\">(je 100 g = 6,75 €)<br></span>\n                \n            \n        </div>\n\n        <input type=\"hidden\" id=\"amount_2015\" value=\"1\">\n\n       <!-- <div class=\"btn-group articles-buttons\">\n            <a href=\"javascript:void(0);\" class=\"btn btn-primary\" onclick=\"erisx_AddToCart(2015);\"><i class=\"icon sprite-addtocart\"></i> In den Warenkorb</a>\n            <a class=\"btn btn-green btn-details\" href=\"de/magnesium-400-direkt-pulver\">i</a>\n            <br />Vorrätig - in 2-4 Werktagen bei Ihnen*\n        </div>-->\n\n\n\n            </div>\n        </article>\n        </div><div class=\"slide-elem cycle-slide\" style=\"position: static; top: 0px; left: 0px; z-index: 97; display: inline-block;\">\n        <article class=\"articles-repeater\">\n            <div class=\"articles-image\">\n                \n                    <img src=\"temp/explorer/files/badges/badge_new_de.png\" border=\"0\" class=\"badge-new\">\n                \n\n                <a href=\"de/bio-cranberry-vitalsaft\" title=\"Bio-Cranberry-Vitalsaft\"><img src=\"temp/imageapi/produkte-0700-0799--714-442ffc.jpg\" width=\"200\" height=\"200\" alt=\"Bio-Cranberry-Vitalsaft\" class=\"noscale\"></a>\n            </div>\n\n            <div class=\"articles-text\">\n\n                <h3 class=\"articles-title\"><a href=\"de/bio-cranberry-vitalsaft\">Bio-Cranberry-Vitalsaft</a></h3>\n\n                \n    \n    \n\n        <div class=\"articles-data\">\n            \n                <span class=\"articles-unit\">1 Liter</span>\n            \n            \n                \n                    <span class=\"articles-price \">11,00 €</span>\n                    <span class=\"articles-basic-rate\"></span>\n                \n            \n        </div>\n\n        <input type=\"hidden\" id=\"amount_2013\" value=\"1\">\n\n       <!-- <div class=\"btn-group articles-buttons\">\n            <a href=\"javascript:void(0);\" class=\"btn btn-primary\" onclick=\"erisx_AddToCart(2013);\"><i class=\"icon sprite-addtocart\"></i> In den Warenkorb</a>\n            <a class=\"btn btn-green btn-details\" href=\"de/bio-cranberry-vitalsaft\">i</a>\n            <br />Vorrätig - in 2-4 Werktagen bei Ihnen*\n        </div>-->\n\n\n\n            </div>\n        </article>\n        </div><div class=\"slide-elem cycle-slide\" style=\"position: static; top: 0px; left: 0px; z-index: 96; display: inline-block;\">\n        <article class=\"articles-repeater\">\n            <div class=\"articles-image\">\n                \n                    <img src=\"temp/explorer/files/badges/badge_new_de.png\" border=\"0\" class=\"badge-new\">\n                \n\n                <a href=\"de/blutfit-eisen-elixier-500-ml\" title=\"Blutfit Eisen-Elixier 500 ml\"><img src=\"temp/imageapi/produkte-0700-0799--715-a29579.jpg\" width=\"200\" height=\"200\" alt=\"Blutfit Eisen-Elixier 500 ml\" class=\"noscale\"></a>\n            </div>\n\n            <div class=\"articles-text\">\n\n                <h3 class=\"articles-title\"><a href=\"de/blutfit-eisen-elixier-500-ml\">Blutfit Eisen-Elixier 500 ml</a></h3>\n\n                \n    \n    \n\n        <div class=\"articles-data\">\n            \n                <span class=\"articles-unit\">500 ml</span>\n            \n            \n                \n                    <span class=\"articles-price \">9,50 €</span>\n                    <span class=\"articles-basic-rate\">(je 1 Liter = 19,00 €)<br></span>\n                \n            \n        </div>\n\n        <input type=\"hidden\" id=\"amount_2011\" value=\"1\">\n\n       <!-- <div class=\"btn-group articles-buttons\">\n            <a href=\"javascript:void(0);\" class=\"btn btn-primary\" onclick=\"erisx_AddToCart(2011);\"><i class=\"icon sprite-addtocart\"></i> In den Warenkorb</a>\n            <a class=\"btn btn-green btn-details\" href=\"de/blutfit-eisen-elixier-500-ml\">i</a>\n            <br />Vorrätig - in 2-4 Werktagen bei Ihnen*\n        </div>-->\n\n\n\n            </div>\n        </article>\n        </div><div class=\"slide-elem cycle-slide\" style=\"position: static; top: 0px; left: 0px; z-index: 95; display: inline-block;\">\n        <article class=\"articles-repeater\">\n            <div class=\"articles-image\">\n                \n                    <img src=\"temp/explorer/files/badges/badge_new_de.png\" border=\"0\" class=\"badge-new\">\n                \n\n                <a href=\"de/koerperschmeichler-koerperlotion\" title=\"Körperschmeichler Körperlotion\"><img src=\"temp/imageapi/produkte-1300-1399--1335-88d955.jpg\" width=\"200\" height=\"200\" alt=\"Körperschmeichler Körperlotion\" class=\"noscale\"></a>\n            </div>\n\n            <div class=\"articles-text\">\n\n                <h3 class=\"articles-title\"><a href=\"de/koerperschmeichler-koerperlotion\">Körperschmeichler Körperlotion</a></h3>\n\n                \n    \n    \n\n        <div class=\"articles-data\">\n            \n                <span class=\"articles-unit\">200 ml</span>\n            \n            \n                \n                    <span class=\"articles-price \">9,50 €</span>\n                    <span class=\"articles-basic-rate\">(je 100 ml = 4,75 €)<br></span>\n                \n            \n        </div>\n\n        <input type=\"hidden\" id=\"amount_2016\" value=\"1\">\n\n       <!-- <div class=\"btn-group articles-buttons\">\n            <a href=\"javascript:void(0);\" class=\"btn btn-primary\" onclick=\"erisx_AddToCart(2016);\"><i class=\"icon sprite-addtocart\"></i> In den Warenkorb</a>\n            <a class=\"btn btn-green btn-details\" href=\"de/koerperschmeichler-koerperlotion\">i</a>\n            <br />Vorrätig - in 2-4 Werktagen bei Ihnen*\n        </div>-->\n\n\n\n            </div>\n        </article>\n        </div><div class=\"slide-elem cycle-slide\" style=\"position: static; top: 0px; left: 0px; z-index: 94; display: inline-block;\">\n        <article class=\"articles-repeater\">\n            <div class=\"articles-image\">\n                \n                    <img src=\"temp/explorer/files/badges/badge_new_de.png\" border=\"0\" class=\"badge-new\">\n                \n\n                <a href=\"de/meersalz-nasen-spray-sensitiv\" title=\"Meersalz Nasen-Spray sensitiv\"><img src=\"temp/imageapi/produkte-0200-0299--253-33d38e.jpg\" width=\"200\" height=\"200\" alt=\"Meersalz Nasen-Spray sensitiv\" class=\"noscale\"></a>\n            </div>\n\n            <div class=\"articles-text\">\n\n                <h3 class=\"articles-title\"><a href=\"de/meersalz-nasen-spray-sensitiv\">Meersalz Nasen-Spray sensitiv</a></h3>\n\n                \n    \n    \n\n        <div class=\"articles-data\">\n            \n                <span class=\"articles-unit\">20 ml</span>\n            \n            \n                \n                    <span class=\"articles-price \">3,50 €</span>\n                    <span class=\"articles-basic-rate\">(je 100 ml = 17,50 €)<br></span>\n                \n            \n        </div>\n\n        <input type=\"hidden\" id=\"amount_2021\" value=\"1\">\n\n       <!-- <div class=\"btn-group articles-buttons\">\n            <a href=\"javascript:void(0);\" class=\"btn btn-primary\" onclick=\"erisx_AddToCart(2021);\"><i class=\"icon sprite-addtocart\"></i> In den Warenkorb</a>\n            <a class=\"btn btn-green btn-details\" href=\"de/meersalz-nasen-spray-sensitiv\">i</a>\n            <br />Vorrätig - in 2-4 Werktagen bei Ihnen*\n        </div>-->\n\n\n\n            </div>\n        </article>\n        </div><div class=\"slide-elem cycle-slide\" style=\"position: static; top: 0px; left: 0px; z-index: 93; display: inline-block;\">\n        <article class=\"articles-repeater\">\n            <div class=\"articles-image\">\n                \n                    <img src=\"temp/explorer/files/badges/badge_new_de.png\" border=\"0\" class=\"badge-new\">\n                \n\n                <a href=\"de/anti-aging-sb-500-koerperlotion\" title=\"Anti-Aging SB 500 Körperlotion\"><img src=\"temp/imageapi/produkte-1300-1399--1384-c61984.jpg\" width=\"200\" height=\"200\" alt=\"Anti-Aging SB 500 Körperlotion\" class=\"noscale\"></a>\n            </div>\n\n            <div class=\"articles-text\">\n\n                <h3 class=\"articles-title\"><a href=\"de/anti-aging-sb-500-koerperlotion\">Anti-Aging SB 500 Körperlotion</a></h3>\n\n                \n    \n    \n\n        <div class=\"articles-data\">\n            \n                <span class=\"articles-unit\">200 ml</span>\n            \n            \n                \n                    <span class=\"articles-price \">19,50 €</span>\n                    <span class=\"articles-basic-rate\">(je 100 ml = 9,75 €)<br></span>\n                \n            \n        </div>\n\n        <input type=\"hidden\" id=\"amount_2017\" value=\"1\">\n\n       <!-- <div class=\"btn-group articles-buttons\">\n            <a href=\"javascript:void(0);\" class=\"btn btn-primary\" onclick=\"erisx_AddToCart(2017);\"><i class=\"icon sprite-addtocart\"></i> In den Warenkorb</a>\n            <a class=\"btn btn-green btn-details\" href=\"de/anti-aging-sb-500-koerperlotion\">i</a>\n            <br />Vorrätig - in 2-4 Werktagen bei Ihnen*\n        </div>-->\n\n\n\n            </div>\n        </article>\n        </div><div class=\"slide-elem cycle-slide\" style=\"position: static; top: 0px; left: 0px; z-index: 92; display: inline-block;\">\n        <article class=\"articles-repeater\">\n            <div class=\"articles-image\">\n                \n                    <img src=\"temp/explorer/files/badges/badge_new_de.png\" border=\"0\" class=\"badge-new\">\n                \n\n                <a href=\"de/blutfit-eisen-elixier-1000-ml\" title=\"Blutfit Eisen-Elixier 1000 ml\"><img src=\"temp/imageapi/produkte-0700-0799--716-a2263b.jpg\" width=\"200\" height=\"200\" alt=\"Blutfit Eisen-Elixier 1000 ml\" class=\"noscale\"></a>\n            </div>\n\n            <div class=\"articles-text\">\n\n                <h3 class=\"articles-title\"><a href=\"de/blutfit-eisen-elixier-1000-ml\">Blutfit Eisen-Elixier 1000 ml</a></h3>\n\n                \n    \n    \n\n        <div class=\"articles-data\">\n            \n                <span class=\"articles-unit\">1 Liter</span>\n            \n            \n                \n                    <span class=\"articles-price \">16,50 €</span>\n                    <span class=\"articles-basic-rate\"></span>\n                \n            \n        </div>\n\n        <input type=\"hidden\" id=\"amount_2010\" value=\"1\">\n\n       <!-- <div class=\"btn-group articles-buttons\">\n            <a href=\"javascript:void(0);\" class=\"btn btn-primary\" onclick=\"erisx_AddToCart(2010);\"><i class=\"icon sprite-addtocart\"></i> In den Warenkorb</a>\n            <a class=\"btn btn-green btn-details\" href=\"de/blutfit-eisen-elixier-1000-ml\">i</a>\n            <br />Vorrätig - in 2-4 Werktagen bei Ihnen*\n        </div>-->\n\n\n\n            </div>\n        </article>\n        </div><div class=\"slide-elem cycle-slide\" style=\"position: static; top: 0px; left: 0px; z-index: 91; display: inline-block;\">\n        <article class=\"articles-repeater\">\n            <div class=\"articles-image\">\n                \n                    <img src=\"temp/explorer/files/badges/badge_new_de.png\" border=\"0\" class=\"badge-new\">\n                \n\n                <a href=\"de/propolis-vitamin-c-kapseln\" title=\"Propolis-Vitamin-C-Kapseln\"><img src=\"temp/imageapi/produkte-0000-0099--62-70e51f.jpg\" width=\"200\" height=\"200\" alt=\"Propolis-Vitamin-C-Kapseln\" class=\"noscale\"></a>\n            </div>\n\n            <div class=\"articles-text\">\n\n                <h3 class=\"articles-title\"><a href=\"de/propolis-vitamin-c-kapseln\">Propolis-Vitamin-C-Kapseln</a></h3>\n\n                \n    \n    \n\n        <div class=\"articles-data\">\n            \n                <span class=\"articles-unit\">90 Kapseln</span>\n            \n            \n                \n                    <span class=\"articles-price \">15,00 €</span>\n                    <span class=\"articles-basic-rate\"></span>\n                \n            \n        </div>\n\n        <input type=\"hidden\" id=\"amount_2018\" value=\"1\">\n\n       <!-- <div class=\"btn-group articles-buttons\">\n            <a href=\"javascript:void(0);\" class=\"btn btn-primary\" onclick=\"erisx_AddToCart(2018);\"><i class=\"icon sprite-addtocart\"></i> In den Warenkorb</a>\n            <a class=\"btn btn-green btn-details\" href=\"de/propolis-vitamin-c-kapseln\">i</a>\n            <br />Vorrätig - in 2-4 Werktagen bei Ihnen*\n        </div>-->\n\n\n\n            </div>\n        </article>\n        </div><div class=\"slide-elem cycle-slide\" style=\"position: static; top: 0px; left: 0px; z-index: 90; display: inline-block;\">\n        <article class=\"articles-repeater\">\n            <div class=\"articles-image\">\n                \n                    <img src=\"temp/explorer/files/badges/badge_new_de.png\" border=\"0\" class=\"badge-new\">\n                \n\n                <a href=\"de/manuka-honig-mgo-200\" title=\"Manuka-Honig MGO 200+\"><img src=\"temp/imageapi/produkte-0000-0099--26-156981.jpg\" width=\"200\" height=\"200\" alt=\"Manuka-Honig MGO 200+\" class=\"noscale\"></a>\n            </div>\n\n            <div class=\"articles-text\">\n\n                <h3 class=\"articles-title\"><a href=\"de/manuka-honig-mgo-200\">Manuka-Honig MGO 200+</a></h3>\n\n                \n    \n    \n\n        <div class=\"articles-data\">\n            \n                <span class=\"articles-unit\">250 g</span>\n            \n            \n                \n                    <span class=\"articles-price \">24,95 €</span>\n                    <span class=\"articles-basic-rate\">(je 100 g = 9,98 €)<br></span>\n                \n            \n        </div>\n\n        <input type=\"hidden\" id=\"amount_2003\" value=\"1\">\n\n       <!-- <div class=\"btn-group articles-buttons\">\n            <a href=\"javascript:void(0);\" class=\"btn btn-primary\" onclick=\"erisx_AddToCart(2003);\"><i class=\"icon sprite-addtocart\"></i> In den Warenkorb</a>\n            <a class=\"btn btn-green btn-details\" href=\"de/manuka-honig-mgo-200\">i</a>\n            <br />Vorrätig - in 2-4 Werktagen bei Ihnen*\n        </div>-->\n\n\n\n            </div>\n        </article>\n        </div><div class=\"slide-elem cycle-slide\" style=\"position: static; top: 0px; left: 0px; z-index: 100; opacity: 1; display: inline-block; visibility: visible;\">\n        <article class=\"articles-repeater\">\n            <div class=\"articles-image\">\n                \n                    <img src=\"temp/explorer/files/badges/badge_new_de.png\" border=\"0\" class=\"badge-new\">\n                \n\n                <a href=\"de/vitamin-d-5.600-i.e.-wochendepot-kapseln\" title=\"Vitamin D 5.600 I.E. Wochendepot-Kapseln\"><img src=\"temp/imageapi/produkte-0100-0199--114-511139.jpg\" width=\"200\" height=\"200\" alt=\"Vitamin D 5.600 I.E. Wochendepot-Kapseln\" class=\"noscale\"></a>\n            </div>\n\n            <div class=\"articles-text\">\n\n                <h3 class=\"articles-title\"><a href=\"de/vitamin-d-5.600-i.e.-wochendepot-kapseln\">Vitamin D 5.600 I.E. Wochendepot-Kapseln</a></h3>\n\n                \n    \n    \n\n        <div class=\"articles-data\">\n            \n                <span class=\"articles-unit\">26 Kapseln</span>\n            \n            \n                \n                    <span class=\"articles-price \">6,00 €</span>\n                    <span class=\"articles-basic-rate\"></span>\n                \n            \n        </div>\n\n        <input type=\"hidden\" id=\"amount_2026\" value=\"1\">\n\n       <!-- <div class=\"btn-group articles-buttons\">\n            <a href=\"javascript:void(0);\" class=\"btn btn-primary\" onclick=\"erisx_AddToCart(2026);\"><i class=\"icon sprite-addtocart\"></i> In den Warenkorb</a>\n            <a class=\"btn btn-green btn-details\" href=\"de/vitamin-d-5.600-i.e.-wochendepot-kapseln\">i</a>\n            <br />Vorrätig - in 2-4 Werktagen bei Ihnen*\n        </div>-->\n\n\n\n            </div>\n        </article>\n        </div><div class=\"slide-elem cycle-slide\" style=\"position: static; top: 0px; left: 0px; z-index: 99; display: inline-block;\">\n        <article class=\"articles-repeater\">\n            <div class=\"articles-image\">\n                \n                    <img src=\"temp/explorer/files/badges/badge_new_de.png\" border=\"0\" class=\"badge-new\">\n                \n\n                <a href=\"de/magnesium-400-direkt-pulver\" title=\"Magnesium 400 Direkt Pulver\"><img src=\"temp/imageapi/produkte-0100-0199--115-e8778f.jpg\" width=\"200\" height=\"200\" alt=\"Magnesium 400 Direkt Pulver\" class=\"noscale\"></a>\n            </div>\n\n            <div class=\"articles-text\">\n\n                <h3 class=\"articles-title\"><a href=\"de/magnesium-400-direkt-pulver\">Magnesium 400 Direkt Pulver</a></h3>\n\n                \n    \n    \n\n        <div class=\"articles-data\">\n            \n                <span class=\"articles-unit\">60x 2,1 g</span>\n            \n            \n                \n                    <span class=\"articles-price \">8,50 €</span>\n                    <span class=\"articles-basic-rate\">(je 100 g = 6,75 €)<br></span>\n                \n            \n        </div>\n\n        <input type=\"hidden\" id=\"amount_2015\" value=\"1\">\n\n       <!-- <div class=\"btn-group articles-buttons\">\n            <a href=\"javascript:void(0);\" class=\"btn btn-primary\" onclick=\"erisx_AddToCart(2015);\"><i class=\"icon sprite-addtocart\"></i> In den Warenkorb</a>\n            <a class=\"btn btn-green btn-details\" href=\"de/magnesium-400-direkt-pulver\">i</a>\n            <br />Vorrätig - in 2-4 Werktagen bei Ihnen*\n        </div>-->\n\n\n\n            </div>\n        </article>\n        </div><div class=\"slide-elem cycle-slide\" style=\"position: static; top: 0px; left: 0px; z-index: 97; display: inline-block;\">\n        <article class=\"articles-repeater\">\n            <div class=\"articles-image\">\n                \n                    <img src=\"temp/explorer/files/badges/badge_new_de.png\" border=\"0\" class=\"badge-new\">\n                \n\n                <a href=\"de/bio-cranberry-vitalsaft\" title=\"Bio-Cranberry-Vitalsaft\"><img src=\"temp/imageapi/produkte-0700-0799--714-442ffc.jpg\" width=\"200\" height=\"200\" alt=\"Bio-Cranberry-Vitalsaft\" class=\"noscale\"></a>\n            </div>\n\n            <div class=\"articles-text\">\n\n                <h3 class=\"articles-title\"><a href=\"de/bio-cranberry-vitalsaft\">Bio-Cranberry-Vitalsaft</a></h3>\n\n                \n    \n    \n\n        <div class=\"articles-data\">\n            \n                <span class=\"articles-unit\">1 Liter</span>\n            \n            \n                \n                    <span class=\"articles-price \">11,00 €</span>\n                    <span class=\"articles-basic-rate\"></span>\n                \n            \n        </div>\n\n        <input type=\"hidden\" id=\"amount_2013\" value=\"1\">\n\n       <!-- <div class=\"btn-group articles-buttons\">\n            <a href=\"javascript:void(0);\" class=\"btn btn-primary\" onclick=\"erisx_AddToCart(2013);\"><i class=\"icon sprite-addtocart\"></i> In den Warenkorb</a>\n            <a class=\"btn btn-green btn-details\" href=\"de/bio-cranberry-vitalsaft\">i</a>\n            <br />Vorrätig - in 2-4 Werktagen bei Ihnen*\n        </div>-->\n\n\n\n            </div>\n        </article>\n        </div><div class=\"slide-elem cycle-slide\" style=\"position: static; top: 0px; left: 0px; z-index: 96; display: inline-block;\">\n        <article class=\"articles-repeater\">\n            <div class=\"articles-image\">\n                \n                    <img src=\"temp/explorer/files/badges/badge_new_de.png\" border=\"0\" class=\"badge-new\">\n                \n\n                <a href=\"de/blutfit-eisen-elixier-500-ml\" title=\"Blutfit Eisen-Elixier 500 ml\"><img src=\"temp/imageapi/produkte-0700-0799--715-a29579.jpg\" width=\"200\" height=\"200\" alt=\"Blutfit Eisen-Elixier 500 ml\" class=\"noscale\"></a>\n            </div>\n\n            <div class=\"articles-text\">\n\n                <h3 class=\"articles-title\"><a href=\"de/blutfit-eisen-elixier-500-ml\">Blutfit Eisen-Elixier 500 ml</a></h3>\n\n                \n    \n    \n\n        <div class=\"articles-data\">\n            \n                <span class=\"articles-unit\">500 ml</span>\n            \n            \n                \n                    <span class=\"articles-price \">9,50 €</span>\n                    <span class=\"articles-basic-rate\">(je 1 Liter = 19,00 €)<br></span>\n                \n            \n        </div>\n\n        <input type=\"hidden\" id=\"amount_2011\" value=\"1\">\n\n       <!-- <div class=\"btn-group articles-buttons\">\n            <a href=\"javascript:void(0);\" class=\"btn btn-primary\" onclick=\"erisx_AddToCart(2011);\"><i class=\"icon sprite-addtocart\"></i> In den Warenkorb</a>\n            <a class=\"btn btn-green btn-details\" href=\"de/blutfit-eisen-elixier-500-ml\">i</a>\n            <br />Vorrätig - in 2-4 Werktagen bei Ihnen*\n        </div>-->\n\n\n\n            </div>\n        </article>\n        </div><div class=\"slide-elem cycle-slide\" style=\"position: static; top: 0px; left: 0px; z-index: 95; display: inline-block;\">\n        <article class=\"articles-repeater\">\n            <div class=\"articles-image\">\n                \n                    <img src=\"temp/explorer/files/badges/badge_new_de.png\" border=\"0\" class=\"badge-new\">\n                \n\n                <a href=\"de/koerperschmeichler-koerperlotion\" title=\"Körperschmeichler Körperlotion\"><img src=\"temp/imageapi/produkte-1300-1399--1335-88d955.jpg\" width=\"200\" height=\"200\" alt=\"Körperschmeichler Körperlotion\" class=\"noscale\"></a>\n            </div>\n\n            <div class=\"articles-text\">\n\n                <h3 class=\"articles-title\"><a href=\"de/koerperschmeichler-koerperlotion\">Körperschmeichler Körperlotion</a></h3>\n\n                \n    \n    \n\n        <div class=\"articles-data\">\n            \n                <span class=\"articles-unit\">200 ml</span>\n            \n            \n                \n                    <span class=\"articles-price \">9,50 €</span>\n                    <span class=\"articles-basic-rate\">(je 100 ml = 4,75 €)<br></span>\n                \n            \n        </div>\n\n        <input type=\"hidden\" id=\"amount_2016\" value=\"1\">\n\n       <!-- <div class=\"btn-group articles-buttons\">\n            <a href=\"javascript:void(0);\" class=\"btn btn-primary\" onclick=\"erisx_AddToCart(2016);\"><i class=\"icon sprite-addtocart\"></i> In den Warenkorb</a>\n            <a class=\"btn btn-green btn-details\" href=\"de/koerperschmeichler-koerperlotion\">i</a>\n            <br />Vorrätig - in 2-4 Werktagen bei Ihnen*\n        </div>-->\n\n\n\n            </div>\n        </article>\n        </div><div class=\"slide-elem cycle-slide\" style=\"position: static; top: 0px; left: 0px; z-index: 94; display: inline-block;\">\n        <article class=\"articles-repeater\">\n            <div class=\"articles-image\">\n                \n                    <img src=\"temp/explorer/files/badges/badge_new_de.png\" border=\"0\" class=\"badge-new\">\n                \n\n                <a href=\"de/meersalz-nasen-spray-sensitiv\" title=\"Meersalz Nasen-Spray sensitiv\"><img src=\"temp/imageapi/produkte-0200-0299--253-33d38e.jpg\" width=\"200\" height=\"200\" alt=\"Meersalz Nasen-Spray sensitiv\" class=\"noscale\"></a>\n            </div>\n\n            <div class=\"articles-text\">\n\n                <h3 class=\"articles-title\"><a href=\"de/meersalz-nasen-spray-sensitiv\">Meersalz Nasen-Spray sensitiv</a></h3>\n\n                \n    \n    \n\n        <div class=\"articles-data\">\n            \n                <span class=\"articles-unit\">20 ml</span>\n            \n            \n                \n                    <span class=\"articles-price \">3,50 €</span>\n                    <span class=\"articles-basic-rate\">(je 100 ml = 17,50 €)<br></span>\n                \n            \n        </div>\n\n        <input type=\"hidden\" id=\"amount_2021\" value=\"1\">\n\n       <!-- <div class=\"btn-group articles-buttons\">\n            <a href=\"javascript:void(0);\" class=\"btn btn-primary\" onclick=\"erisx_AddToCart(2021);\"><i class=\"icon sprite-addtocart\"></i> In den Warenkorb</a>\n            <a class=\"btn btn-green btn-details\" href=\"de/meersalz-nasen-spray-sensitiv\">i</a>\n            <br />Vorrätig - in 2-4 Werktagen bei Ihnen*\n        </div>-->\n\n\n\n            </div>\n        </article>\n        </div><div class=\"slide-elem cycle-slide\" style=\"position: static; top: 0px; left: 0px; z-index: 93; display: inline-block;\">\n        <article class=\"articles-repeater\">\n            <div class=\"articles-image\">\n                \n                    <img src=\"temp/explorer/files/badges/badge_new_de.png\" border=\"0\" class=\"badge-new\">\n                \n\n                <a href=\"de/anti-aging-sb-500-koerperlotion\" title=\"Anti-Aging SB 500 Körperlotion\"><img src=\"temp/imageapi/produkte-1300-1399--1384-c61984.jpg\" width=\"200\" height=\"200\" alt=\"Anti-Aging SB 500 Körperlotion\" class=\"noscale\"></a>\n            </div>\n\n            <div class=\"articles-text\">\n\n                <h3 class=\"articles-title\"><a href=\"de/anti-aging-sb-500-koerperlotion\">Anti-Aging SB 500 Körperlotion</a></h3>\n\n                \n    \n    \n\n        <div class=\"articles-data\">\n            \n                <span class=\"articles-unit\">200 ml</span>\n            \n            \n                \n                    <span class=\"articles-price \">19,50 €</span>\n                    <span class=\"articles-basic-rate\">(je 100 ml = 9,75 €)<br></span>\n                \n            \n        </div>\n\n        <input type=\"hidden\" id=\"amount_2017\" value=\"1\">\n\n       <!-- <div class=\"btn-group articles-buttons\">\n            <a href=\"javascript:void(0);\" class=\"btn btn-primary\" onclick=\"erisx_AddToCart(2017);\"><i class=\"icon sprite-addtocart\"></i> In den Warenkorb</a>\n            <a class=\"btn btn-green btn-details\" href=\"de/anti-aging-sb-500-koerperlotion\">i</a>\n            <br />Vorrätig - in 2-4 Werktagen bei Ihnen*\n        </div>-->\n\n\n\n            </div>\n        </article>\n        </div><div class=\"slide-elem cycle-slide\" style=\"position: static; top: 0px; left: 0px; z-index: 92; display: inline-block;\">\n        <article class=\"articles-repeater\">\n            <div class=\"articles-image\">\n                \n                    <img src=\"temp/explorer/files/badges/badge_new_de.png\" border=\"0\" class=\"badge-new\">\n                \n\n                <a href=\"de/blutfit-eisen-elixier-1000-ml\" title=\"Blutfit Eisen-Elixier 1000 ml\"><img src=\"temp/imageapi/produkte-0700-0799--716-a2263b.jpg\" width=\"200\" height=\"200\" alt=\"Blutfit Eisen-Elixier 1000 ml\" class=\"noscale\"></a>\n            </div>\n\n            <div class=\"articles-text\">\n\n                <h3 class=\"articles-title\"><a href=\"de/blutfit-eisen-elixier-1000-ml\">Blutfit Eisen-Elixier 1000 ml</a></h3>\n\n                \n    \n    \n\n        <div class=\"articles-data\">\n            \n                <span class=\"articles-unit\">1 Liter</span>\n            \n            \n                \n                    <span class=\"articles-price \">16,50 €</span>\n                    <span class=\"articles-basic-rate\"></span>\n                \n            \n        </div>\n\n        <input type=\"hidden\" id=\"amount_2010\" value=\"1\">\n\n       <!-- <div class=\"btn-group articles-buttons\">\n            <a href=\"javascript:void(0);\" class=\"btn btn-primary\" onclick=\"erisx_AddToCart(2010);\"><i class=\"icon sprite-addtocart\"></i> In den Warenkorb</a>\n            <a class=\"btn btn-green btn-details\" href=\"de/blutfit-eisen-elixier-1000-ml\">i</a>\n            <br />Vorrätig - in 2-4 Werktagen bei Ihnen*\n        </div>-->\n\n\n\n            </div>\n        </article>\n        </div><div class=\"slide-elem cycle-slide\" style=\"position: static; top: 0px; left: 0px; z-index: 91; display: inline-block;\">\n        <article class=\"articles-repeater\">\n            <div class=\"articles-image\">\n                \n                    <img src=\"temp/explorer/files/badges/badge_new_de.png\" border=\"0\" class=\"badge-new\">\n                \n\n                <a href=\"de/propolis-vitamin-c-kapseln\" title=\"Propolis-Vitamin-C-Kapseln\"><img src=\"temp/imageapi/produkte-0000-0099--62-70e51f.jpg\" width=\"200\" height=\"200\" alt=\"Propolis-Vitamin-C-Kapseln\" class=\"noscale\"></a>\n            </div>\n\n            <div class=\"articles-text\">\n\n                <h3 class=\"articles-title\"><a href=\"de/propolis-vitamin-c-kapseln\">Propolis-Vitamin-C-Kapseln</a></h3>\n\n                \n    \n    \n\n        <div class=\"articles-data\">\n            \n                <span class=\"articles-unit\">90 Kapseln</span>\n            \n            \n                \n                    <span class=\"articles-price \">15,00 €</span>\n                    <span class=\"articles-basic-rate\"></span>\n                \n            \n        </div>\n\n        <input type=\"hidden\" id=\"amount_2018\" value=\"1\">\n\n       <!-- <div class=\"btn-group articles-buttons\">\n            <a href=\"javascript:void(0);\" class=\"btn btn-primary\" onclick=\"erisx_AddToCart(2018);\"><i class=\"icon sprite-addtocart\"></i> In den Warenkorb</a>\n            <a class=\"btn btn-green btn-details\" href=\"de/propolis-vitamin-c-kapseln\">i</a>\n            <br />Vorrätig - in 2-4 Werktagen bei Ihnen*\n        </div>-->\n\n\n\n            </div>\n        </article>\n        </div><div class=\"slide-elem cycle-slide\" style=\"position: static; top: 0px; left: 0px; z-index: 90; display: inline-block;\">\n        <article class=\"articles-repeater\">\n            <div class=\"articles-image\">\n                \n                    <img src=\"temp/explorer/files/badges/badge_new_de.png\" border=\"0\" class=\"badge-new\">\n                \n\n                <a href=\"de/manuka-honig-mgo-200\" title=\"Manuka-Honig MGO 200+\"><img src=\"temp/imageapi/produkte-0000-0099--26-156981.jpg\" width=\"200\" height=\"200\" alt=\"Manuka-Honig MGO 200+\" class=\"noscale\"></a>\n            </div>\n\n            <div class=\"articles-text\">\n\n                <h3 class=\"articles-title\"><a href=\"de/manuka-honig-mgo-200\">Manuka-Honig MGO 200+</a></h3>\n\n                \n    \n    \n\n        <div class=\"articles-data\">\n            \n                <span class=\"articles-unit\">250 g</span>\n            \n            \n                \n                    <span class=\"articles-price \">24,95 €</span>\n                    <span class=\"articles-basic-rate\">(je 100 g = 9,98 €)<br></span>\n                \n            \n        </div>\n\n        <input type=\"hidden\" id=\"amount_2003\" value=\"1\">\n\n       <!-- <div class=\"btn-group articles-buttons\">\n            <a href=\"javascript:void(0);\" class=\"btn btn-primary\" onclick=\"erisx_AddToCart(2003);\"><i class=\"icon sprite-addtocart\"></i> In den Warenkorb</a>\n            <a class=\"btn btn-green btn-details\" href=\"de/manuka-honig-mgo-200\">i</a>\n            <br />Vorrätig - in 2-4 Werktagen bei Ihnen*\n        </div>-->\n\n\n\n            </div>\n        </article>\n        </div><div class=\"slide-elem cycle-slide\" style=\"position: static; top: 0px; left: 0px; z-index: 100; opacity: 1; display: inline-block; visibility: visible;\">\n        <article class=\"articles-repeater\">\n            <div class=\"articles-image\">\n                \n                    <img src=\"temp/explorer/files/badges/badge_new_de.png\" border=\"0\" class=\"badge-new\">\n                \n\n                <a href=\"de/vitamin-d-5.600-i.e.-wochendepot-kapseln\" title=\"Vitamin D 5.600 I.E. Wochendepot-Kapseln\"><img src=\"temp/imageapi/produkte-0100-0199--114-511139.jpg\" width=\"200\" height=\"200\" alt=\"Vitamin D 5.600 I.E. Wochendepot-Kapseln\" class=\"noscale\"></a>\n            </div>\n\n            <div class=\"articles-text\">\n\n                <h3 class=\"articles-title\"><a href=\"de/vitamin-d-5.600-i.e.-wochendepot-kapseln\">Vitamin D 5.600 I.E. Wochendepot-Kapseln</a></h3>\n\n                \n    \n    \n\n        <div class=\"articles-data\">\n            \n                <span class=\"articles-unit\">26 Kapseln</span>\n            \n            \n                \n                    <span class=\"articles-price \">6,00 €</span>\n                    <span class=\"articles-basic-rate\"></span>\n                \n            \n        </div>\n\n        <input type=\"hidden\" id=\"amount_2026\" value=\"1\">\n\n       <!-- <div class=\"btn-group articles-buttons\">\n            <a href=\"javascript:void(0);\" class=\"btn btn-primary\" onclick=\"erisx_AddToCart(2026);\"><i class=\"icon sprite-addtocart\"></i> In den Warenkorb</a>\n            <a class=\"btn btn-green btn-details\" href=\"de/vitamin-d-5.600-i.e.-wochendepot-kapseln\">i</a>\n            <br />Vorrätig - in 2-4 Werktagen bei Ihnen*\n        </div>-->\n\n\n\n            </div>\n        </article>\n        </div><div class=\"slide-elem cycle-slide\" style=\"position: static; top: 0px; left: 0px; z-index: 99; display: inline-block;\">\n        <article class=\"articles-repeater\">\n            <div class=\"articles-image\">\n                \n                    <img src=\"temp/explorer/files/badges/badge_new_de.png\" border=\"0\" class=\"badge-new\">\n                \n\n                <a href=\"de/magnesium-400-direkt-pulver\" title=\"Magnesium 400 Direkt Pulver\"><img src=\"temp/imageapi/produkte-0100-0199--115-e8778f.jpg\" width=\"200\" height=\"200\" alt=\"Magnesium 400 Direkt Pulver\" class=\"noscale\"></a>\n            </div>\n\n            <div class=\"articles-text\">\n\n                <h3 class=\"articles-title\"><a href=\"de/magnesium-400-direkt-pulver\">Magnesium 400 Direkt Pulver</a></h3>\n\n                \n    \n    \n\n        <div class=\"articles-data\">\n            \n                <span class=\"articles-unit\">60x 2,1 g</span>\n            \n            \n                \n                    <span class=\"articles-price \">8,50 €</span>\n                    <span class=\"articles-basic-rate\">(je 100 g = 6,75 €)<br></span>\n                \n            \n        </div>\n\n        <input type=\"hidden\" id=\"amount_2015\" value=\"1\">\n\n       <!-- <div class=\"btn-group articles-buttons\">\n            <a href=\"javascript:void(0);\" class=\"btn btn-primary\" onclick=\"erisx_AddToCart(2015);\"><i class=\"icon sprite-addtocart\"></i> In den Warenkorb</a>\n            <a class=\"btn btn-green btn-details\" href=\"de/magnesium-400-direkt-pulver\">i</a>\n            <br />Vorrätig - in 2-4 Werktagen bei Ihnen*\n        </div>-->\n\n\n\n            </div>\n        </article>\n        </div><div class=\"slide-elem cycle-slide\" style=\"position: static; top: 0px; left: 0px; z-index: 97; display: inline-block;\">\n        <article class=\"articles-repeater\">\n            <div class=\"articles-image\">\n                \n                    <img src=\"temp/explorer/files/badges/badge_new_de.png\" border=\"0\" class=\"badge-new\">\n                \n\n                <a href=\"de/bio-cranberry-vitalsaft\" title=\"Bio-Cranberry-Vitalsaft\"><img src=\"temp/imageapi/produkte-0700-0799--714-442ffc.jpg\" width=\"200\" height=\"200\" alt=\"Bio-Cranberry-Vitalsaft\" class=\"noscale\"></a>\n            </div>\n\n            <div class=\"articles-text\">\n\n                <h3 class=\"articles-title\"><a href=\"de/bio-cranberry-vitalsaft\">Bio-Cranberry-Vitalsaft</a></h3>\n\n                \n    \n    \n\n        <div class=\"articles-data\">\n            \n                <span class=\"articles-unit\">1 Liter</span>\n            \n            \n                \n                    <span class=\"articles-price \">11,00 €</span>\n                    <span class=\"articles-basic-rate\"></span>\n                \n            \n        </div>\n\n        <input type=\"hidden\" id=\"amount_2013\" value=\"1\">\n\n       <!-- <div class=\"btn-group articles-buttons\">\n            <a href=\"javascript:void(0);\" class=\"btn btn-primary\" onclick=\"erisx_AddToCart(2013);\"><i class=\"icon sprite-addtocart\"></i> In den Warenkorb</a>\n            <a class=\"btn btn-green btn-details\" href=\"de/bio-cranberry-vitalsaft\">i</a>\n            <br />Vorrätig - in 2-4 Werktagen bei Ihnen*\n        </div>-->\n\n\n\n            </div>\n        </article>\n        </div><div class=\"slide-elem cycle-slide\" style=\"position: static; top: 0px; left: 0px; z-index: 96; display: inline-block;\">\n        <article class=\"articles-repeater\">\n            <div class=\"articles-image\">\n                \n                    <img src=\"temp/explorer/files/badges/badge_new_de.png\" border=\"0\" class=\"badge-new\">\n                \n\n                <a href=\"de/blutfit-eisen-elixier-500-ml\" title=\"Blutfit Eisen-Elixier 500 ml\"><img src=\"temp/imageapi/produkte-0700-0799--715-a29579.jpg\" width=\"200\" height=\"200\" alt=\"Blutfit Eisen-Elixier 500 ml\" class=\"noscale\"></a>\n            </div>\n\n            <div class=\"articles-text\">\n\n                <h3 class=\"articles-title\"><a href=\"de/blutfit-eisen-elixier-500-ml\">Blutfit Eisen-Elixier 500 ml</a></h3>\n\n                \n    \n    \n\n        <div class=\"articles-data\">\n            \n                <span class=\"articles-unit\">500 ml</span>\n            \n            \n                \n                    <span class=\"articles-price \">9,50 €</span>\n                    <span class=\"articles-basic-rate\">(je 1 Liter = 19,00 €)<br></span>\n                \n            \n        </div>\n\n        <input type=\"hidden\" id=\"amount_2011\" value=\"1\">\n\n       <!-- <div class=\"btn-group articles-buttons\">\n            <a href=\"javascript:void(0);\" class=\"btn btn-primary\" onclick=\"erisx_AddToCart(2011);\"><i class=\"icon sprite-addtocart\"></i> In den Warenkorb</a>\n            <a class=\"btn btn-green btn-details\" href=\"de/blutfit-eisen-elixier-500-ml\">i</a>\n            <br />Vorrätig - in 2-4 Werktagen bei Ihnen*\n        </div>-->\n\n\n\n            </div>\n        </article>\n        </div><div class=\"slide-elem cycle-slide\" style=\"position: static; top: 0px; left: 0px; z-index: 95; display: inline-block;\">\n        <article class=\"articles-repeater\">\n            <div class=\"articles-image\">\n                \n                    <img src=\"temp/explorer/files/badges/badge_new_de.png\" border=\"0\" class=\"badge-new\">\n                \n\n                <a href=\"de/koerperschmeichler-koerperlotion\" title=\"Körperschmeichler Körperlotion\"><img src=\"temp/imageapi/produkte-1300-1399--1335-88d955.jpg\" width=\"200\" height=\"200\" alt=\"Körperschmeichler Körperlotion\" class=\"noscale\"></a>\n            </div>\n\n            <div class=\"articles-text\">\n\n                <h3 class=\"articles-title\"><a href=\"de/koerperschmeichler-koerperlotion\">Körperschmeichler Körperlotion</a></h3>\n\n                \n    \n    \n\n        <div class=\"articles-data\">\n            \n                <span class=\"articles-unit\">200 ml</span>\n            \n            \n                \n                    <span class=\"articles-price \">9,50 €</span>\n                    <span class=\"articles-basic-rate\">(je 100 ml = 4,75 €)<br></span>\n                \n            \n        </div>\n\n        <input type=\"hidden\" id=\"amount_2016\" value=\"1\">\n\n       <!-- <div class=\"btn-group articles-buttons\">\n            <a href=\"javascript:void(0);\" class=\"btn btn-primary\" onclick=\"erisx_AddToCart(2016);\"><i class=\"icon sprite-addtocart\"></i> In den Warenkorb</a>\n            <a class=\"btn btn-green btn-details\" href=\"de/koerperschmeichler-koerperlotion\">i</a>\n            <br />Vorrätig - in 2-4 Werktagen bei Ihnen*\n        </div>-->\n\n\n\n            </div>\n        </article>\n        </div><div class=\"slide-elem cycle-slide\" style=\"position: static; top: 0px; left: 0px; z-index: 94; display: inline-block;\">\n        <article class=\"articles-repeater\">\n            <div class=\"articles-image\">\n                \n                    <img src=\"temp/explorer/files/badges/badge_new_de.png\" border=\"0\" class=\"badge-new\">\n                \n\n                <a href=\"de/meersalz-nasen-spray-sensitiv\" title=\"Meersalz Nasen-Spray sensitiv\"><img src=\"temp/imageapi/produkte-0200-0299--253-33d38e.jpg\" width=\"200\" height=\"200\" alt=\"Meersalz Nasen-Spray sensitiv\" class=\"noscale\"></a>\n            </div>\n\n            <div class=\"articles-text\">\n\n                <h3 class=\"articles-title\"><a href=\"de/meersalz-nasen-spray-sensitiv\">Meersalz Nasen-Spray sensitiv</a></h3>\n\n                \n    \n    \n\n        <div class=\"articles-data\">\n            \n                <span class=\"articles-unit\">20 ml</span>\n            \n            \n                \n                    <span class=\"articles-price \">3,50 €</span>\n                    <span class=\"articles-basic-rate\">(je 100 ml = 17,50 €)<br></span>\n                \n            \n        </div>\n\n        <input type=\"hidden\" id=\"amount_2021\" value=\"1\">\n\n       <!-- <div class=\"btn-group articles-buttons\">\n            <a href=\"javascript:void(0);\" class=\"btn btn-primary\" onclick=\"erisx_AddToCart(2021);\"><i class=\"icon sprite-addtocart\"></i> In den Warenkorb</a>\n            <a class=\"btn btn-green btn-details\" href=\"de/meersalz-nasen-spray-sensitiv\">i</a>\n            <br />Vorrätig - in 2-4 Werktagen bei Ihnen*\n        </div>-->\n\n\n\n            </div>\n        </article>\n        </div><div class=\"slide-elem cycle-slide\" style=\"position: static; top: 0px; left: 0px; z-index: 93; display: inline-block;\">\n        <article class=\"articles-repeater\">\n            <div class=\"articles-image\">\n                \n                    <img src=\"temp/explorer/files/badges/badge_new_de.png\" border=\"0\" class=\"badge-new\">\n                \n\n                <a href=\"de/anti-aging-sb-500-koerperlotion\" title=\"Anti-Aging SB 500 Körperlotion\"><img src=\"temp/imageapi/produkte-1300-1399--1384-c61984.jpg\" width=\"200\" height=\"200\" alt=\"Anti-Aging SB 500 Körperlotion\" class=\"noscale\"></a>\n            </div>\n\n            <div class=\"articles-text\">\n\n                <h3 class=\"articles-title\"><a href=\"de/anti-aging-sb-500-koerperlotion\">Anti-Aging SB 500 Körperlotion</a></h3>\n\n                \n    \n    \n\n        <div class=\"articles-data\">\n            \n                <span class=\"articles-unit\">200 ml</span>\n            \n            \n                \n                    <span class=\"articles-price \">19,50 €</span>\n                    <span class=\"articles-basic-rate\">(je 100 ml = 9,75 €)<br></span>\n                \n            \n        </div>\n\n        <input type=\"hidden\" id=\"amount_2017\" value=\"1\">\n\n       <!-- <div class=\"btn-group articles-buttons\">\n            <a href=\"javascript:void(0);\" class=\"btn btn-primary\" onclick=\"erisx_AddToCart(2017);\"><i class=\"icon sprite-addtocart\"></i> In den Warenkorb</a>\n            <a class=\"btn btn-green btn-details\" href=\"de/anti-aging-sb-500-koerperlotion\">i</a>\n            <br />Vorrätig - in 2-4 Werktagen bei Ihnen*\n        </div>-->\n\n\n\n            </div>\n        </article>\n        </div><div class=\"slide-elem cycle-slide\" style=\"position: static; top: 0px; left: 0px; z-index: 92; display: inline-block;\">\n        <article class=\"articles-repeater\">\n            <div class=\"articles-image\">\n                \n                    <img src=\"temp/explorer/files/badges/badge_new_de.png\" border=\"0\" class=\"badge-new\">\n                \n\n                <a href=\"de/blutfit-eisen-elixier-1000-ml\" title=\"Blutfit Eisen-Elixier 1000 ml\"><img src=\"temp/imageapi/produkte-0700-0799--716-a2263b.jpg\" width=\"200\" height=\"200\" alt=\"Blutfit Eisen-Elixier 1000 ml\" class=\"noscale\"></a>\n            </div>\n\n            <div class=\"articles-text\">\n\n                <h3 class=\"articles-title\"><a href=\"de/blutfit-eisen-elixier-1000-ml\">Blutfit Eisen-Elixier 1000 ml</a></h3>\n\n                \n    \n    \n\n        <div class=\"articles-data\">\n            \n                <span class=\"articles-unit\">1 Liter</span>\n            \n            \n                \n                    <span class=\"articles-price \">16,50 €</span>\n                    <span class=\"articles-basic-rate\"></span>\n                \n            \n        </div>\n\n        <input type=\"hidden\" id=\"amount_2010\" value=\"1\">\n\n       <!-- <div class=\"btn-group articles-buttons\">\n            <a href=\"javascript:void(0);\" class=\"btn btn-primary\" onclick=\"erisx_AddToCart(2010);\"><i class=\"icon sprite-addtocart\"></i> In den Warenkorb</a>\n            <a class=\"btn btn-green btn-details\" href=\"de/blutfit-eisen-elixier-1000-ml\">i</a>\n            <br />Vorrätig - in 2-4 Werktagen bei Ihnen*\n        </div>-->\n\n\n\n            </div>\n        </article>\n        </div><div class=\"slide-elem cycle-slide\" style=\"position: static; top: 0px; left: 0px; z-index: 91; display: inline-block;\">\n        <article class=\"articles-repeater\">\n            <div class=\"articles-image\">\n                \n                    <img src=\"temp/explorer/files/badges/badge_new_de.png\" border=\"0\" class=\"badge-new\">\n                \n\n                <a href=\"de/propolis-vitamin-c-kapseln\" title=\"Propolis-Vitamin-C-Kapseln\"><img src=\"temp/imageapi/produkte-0000-0099--62-70e51f.jpg\" width=\"200\" height=\"200\" alt=\"Propolis-Vitamin-C-Kapseln\" class=\"noscale\"></a>\n            </div>\n\n            <div class=\"articles-text\">\n\n                <h3 class=\"articles-title\"><a href=\"de/propolis-vitamin-c-kapseln\">Propolis-Vitamin-C-Kapseln</a></h3>\n\n                \n    \n    \n\n        <div class=\"articles-data\">\n            \n                <span class=\"articles-unit\">90 Kapseln</span>\n            \n            \n                \n                    <span class=\"articles-price \">15,00 €</span>\n                    <span class=\"articles-basic-rate\"></span>\n                \n            \n        </div>\n\n        <input type=\"hidden\" id=\"amount_2018\" value=\"1\">\n\n       <!-- <div class=\"btn-group articles-buttons\">\n            <a href=\"javascript:void(0);\" class=\"btn btn-primary\" onclick=\"erisx_AddToCart(2018);\"><i class=\"icon sprite-addtocart\"></i> In den Warenkorb</a>\n            <a class=\"btn btn-green btn-details\" href=\"de/propolis-vitamin-c-kapseln\">i</a>\n            <br />Vorrätig - in 2-4 Werktagen bei Ihnen*\n        </div>-->\n\n\n\n            </div>\n        </article>\n        </div><div class=\"slide-elem cycle-slide\" style=\"position: static; top: 0px; left: 0px; z-index: 90; display: inline-block;\">\n        <article class=\"articles-repeater\">\n            <div class=\"articles-image\">\n                \n                    <img src=\"temp/explorer/files/badges/badge_new_de.png\" border=\"0\" class=\"badge-new\">\n                \n\n                <a href=\"de/manuka-honig-mgo-200\" title=\"Manuka-Honig MGO 200+\"><img src=\"temp/imageapi/produkte-0000-0099--26-156981.jpg\" width=\"200\" height=\"200\" alt=\"Manuka-Honig MGO 200+\" class=\"noscale\"></a>\n            </div>\n\n            <div class=\"articles-text\">\n\n                <h3 class=\"articles-title\"><a href=\"de/manuka-honig-mgo-200\">Manuka-Honig MGO 200+</a></h3>\n\n                \n    \n    \n\n        <div class=\"articles-data\">\n            \n                <span class=\"articles-unit\">250 g</span>\n            \n            \n                \n                    <span class=\"articles-price \">24,95 €</span>\n                    <span class=\"articles-basic-rate\">(je 100 g = 9,98 €)<br></span>\n                \n            \n        </div>\n\n        <input type=\"hidden\" id=\"amount_2003\" value=\"1\">\n\n       <!-- <div class=\"btn-group articles-buttons\">\n            <a href=\"javascript:void(0);\" class=\"btn btn-primary\" onclick=\"erisx_AddToCart(2003);\"><i class=\"icon sprite-addtocart\"></i> In den Warenkorb</a>\n            <a class=\"btn btn-green btn-details\" href=\"de/manuka-honig-mgo-200\">i</a>\n            <br />Vorrätig - in 2-4 Werktagen bei Ihnen*\n        </div>-->\n\n\n\n            </div>\n        </article>\n        </div></div>\n    \n        \n    \n        \n    \n        \n    \n        \n    \n        \n    \n        \n    \n        \n    \n        \n    \n        \n    \n        \n    \n\n</div>\n\n<script>\n$('.rnd58fb23c326729-slideshow').cycle({\n    fx: \"carousel\",\n    timeout: 0,\n    slides: \"> .slide-elem\",\n    prev: \"#rnd58fb23c326729-prev\",\n    next: \"#rnd58fb23c326729-next\",\n    swipe: true,\n    swipeFx: \"carousel\",\n    speed: 250\n});\n</script>\n\n                </div>\n            </div>\n        </section>\n\n        <p class=\"notice-mwst\">\n            Alle Preise inkl. gesetzl. MwSt. zzgl. <a href=\"de/versandkosten\">Versandkosten</a>. Ursprüngliche Preisangaben beziehen sich auf den jeweils gültigen Katalog.\n        </p>\n\n    </div>\n</section>\n\n<section class=\"content-secondary clearfix\">\n    <div class=\"container\">\n        <section class=\"home-incentives\">\n            <div class=\"box box-incentive incentive-trustpilot\">\n                \n   \n    \n\n        <h2 class=\"box-title\"><span>Ausgezeichnet in </span>Qualität &amp; Service</h2>\n        <div class=\"box-content\">\n            <a href=\"http://www.trustpilot.de/review/www.kraeuterhaus.de\" title=\"Sehen Sie Bewertungen auf http://trustpilot.de\" target=\"_blank\"><div class=\"trustad\"> <script type=\"text/javascript\"> var tpJsHost = ((\"https:\" == document.location.protocol) ? \"https://s3.amazonaws.com/trustbox.trustpilot.com/badge/de/5stars/tp_badge-220.png\" : \"http://trustbox.trustpilot.com/badge/de/5stars/tp_badge-220.png\"); document.write(unescape(\"%3Cimg src=\"+ tpJsHost + \" alt=Trustpilot Badge %3E%3C/img%3E\")); </script><img src=\"https://s3.amazonaws.com/trustbox.trustpilot.com/badge/de/5stars/tp_badge-220.png\" alt=\"Trustpilot\" badge=\"\"> </div></a>\n        </div>\n   \n    \n    \n\n\n            </div>\n            <div class=\"box box-incentive incentive-welcomegift\">\n                \n   \n    \n\n        <h2 class=\"box-title\"><span>Unser Geschenk </span>für Neukunden</h2>\n        <div class=\"box-content\">\n            <p>Wenn Sie ein <strong>Kundenkonto</strong> erstellen, erhalten Sie mit Ihrer ersten Online-Bestellung eines unserer beliebtesten Original-Produkte <strong>kostenlos</strong> und unverbindlich <strong>als Dankeschön</strong>!</p>\n<p><a class=\"more\" href=\"de/mein-konto/kundenkonto-erstellen\">Kundenkonto erstellen <i class=\"sprite-rq_green\"></i></a></p>\n        </div>\n   \n    \n    \n\n\n            </div>\n            <div class=\"box box-incentive incentive-discounts optional-3cols\">\n                \n   \n    \n\n        <h2 class=\"box-title\"><span>Mengen- </span>Rabatt</h2>\n        <div class=\"box-content\">\n            <p>\n    Bei uns erhalten Sie folgende Mengenrabatte:\n</p>\n<table class=\"discounts\" cellpadding=\"0\" cellspacing=\"0\" border=\"0\">\n    <tbody>\n      \n        <tr>\n            <td style=\"font-size:11px\">Ab 60 €</td>\n            <th style=\"font-size:11px\">3%</th>\n            <td style=\"font-size:11px\">Rabatt</td>\n        </tr>\n      \n        <tr>\n            <td style=\"font-size:11px\">Ab 100 €</td>\n            <th style=\"font-size:11px\">4%</th>\n            <td style=\"font-size:11px\">Rabatt</td>\n        </tr>\n      \n        <tr>\n            <td style=\"font-size:11px\">Ab 200 €</td>\n            <th style=\"font-size:11px\">5%</th>\n            <td style=\"font-size:11px\">Rabatt</td>\n        </tr>\n      \n        <tr>\n            <td style=\"font-size:11px\">Ab 500 €</td>\n            <th style=\"font-size:11px\">7%</th>\n            <td style=\"font-size:11px\">Rabatt</td>\n        </tr>\n      \n    </tbody>\n</table>\n\n        </div>\n   \n    \n    \n\n\n            </div>\n            <div class=\"box box-incentive incentive-aktiv3 optional-3cols\">\n                \n   \n    \n\n        <h2 class=\"box-title\">Aktiv3 - Das Fitnessplus</h2>\n        <div class=\"box-content\">\n            <p>Unser Online-Shop für Sporternährung und Pflegeprodukte für Breiten- und Leistungssportler. Unsere Produkte sind bestens verträglich und zeichnen sich durch hochwertige Inhaltsstoffe aus.</p>\n<p><a class=\"more\" href=\"http://www.aktiv3.de\" target=\"_blank\">Online-Shop Aktiv<sup>3</sup> <i class=\"sprite-rq_green\"></i></a></p>\n        </div>\n   \n    \n    \n\n\n            </div>\n            <div class=\"box box-incentive incentive-catalog\">\n                \n   \n    \n\n        <h2 class=\"box-title\"><span>Katalog </span>2016-2017</h2>\n        <div class=\"box-content\">\n            <p>Unseren aktuellen <span class=\"fancybox\">Gesundheitskatalog </span>können Sie hier bestellen oder direkt online durchblättern.</p>\n<p><a class=\"more\" href=\"http://cdn.icat.de/kraeuterhaus/icat-flash/161007-de-de\" target=\"blank\">Zum online Stöbern&nbsp;<i class=\"sprite-rq_green\"></i></a><br> <a class=\"more\" href=\"index.php?module=explorer&amp;displayAction=download&amp;downloadFile=catalogues/Internet-Katalog_2017_de.pdf\" target=\"_blank\">Zum Download&nbsp;<i class=\"sprite-rq_green\"></i></a><br><a class=\"more\" href=\"de/kontakt/katalog-anfordern\">Katalog gratis anfordern&nbsp;<i class=\"sprite-rq_green\"></i></a></p>\n        </div>\n   \n    \n    \n\n\n            </div>\n            <div class=\"box box-incentive incentive-newsletter\">\n                \n   \n    \n\n        <h2 class=\"box-title\"><span>Kräuterhaus </span>Newsletter</h2>\n        <div class=\"box-content\">\n            <p>Hier informieren wir Sie laufend über Neuheiten und Sonderangebote.</p>\n<form class=\"style-optional-fields\" method=\"post\" action=\"index.php?x=1&amp;y=2\" id=\"mFormular\" name=\"mFormular\"><input type=\"hidden\" name=\"token\" value=\"566fc6a905f7848d45061a4e666c9f66e7508cc8\">\n                        <input type=\"hidden\" name=\"index[newsletter_subscriber][action]\" id=\"index[newsletter_subscriber][action]\" value=\"edit\"><input type=\"hidden\" name=\"index[newsletter_subscriber][order]\" id=\"index[newsletter_subscriber][order]\" value=\"newsletter_subscriber_ref_time DESC\"><input type=\"hidden\" name=\"module\" id=\"module\" value=\"newsletter_subscriber\"><input type=\"hidden\" name=\"show_no_errors\" id=\"show_no_errors\" value=\"FALSE\">\n\n                        <input type=\"hidden\" name=\"index[newsletter_subscriber][data][newsletter_subscriber_id]\" value=\"\">\n                        <input type=\"hidden\" name=\"work_data\" value=\"TRUE\">\n\n                        <div class=\"editLine clearfix\">\n                            <input class=\"required  checkIsNotEmpty checkIsEmailtext force\" name=\"index[newsletter_subscriber][data][newsletter_subscriber_email]\" id=\"index_contact_data_newsletter_subscriber_email\" value=\"\" placeholder=\"Ihre E-Mail-Adresse\" type=\"email\">\n                        </div>\n                        <input type=\"submit\" name=\"mSubmitButton\" id=\"mSubmitButton\" value=\"Abonnieren\" class=\"btn btn-default floatright btn-replace\" style=\"display: none;\">\n                        <a class=\"btn btn-default floatright btn-replace\" href=\"javascript:void(0);\" onclick=\"$('#mFormular').submit();\" style=\"display: inline-block;\">Abonnieren</a>\n                    </form>\n        </div>\n   \n    \n    \n\n\n            </div>\n            <div class=\"box box-incentive incentive-recommend optional-4cols\">\n                \n   \n    \n\n        <h2 class=\"box-title\"><span>Freundschafts- </span>werbung</h2>\n        <div class=\"box-content\">\n            <p>Ihre Empfehlung ist uns viel wert! <strong>Ab sofort</strong> erhalten Sie und jeder von Ihnen empfohlene Neukunde eine <strong>Gutschrift von jeweils 10,00&nbsp;€</strong> auf Ihre nächste Bestellung.</p>\n<p><a class=\"more abs-bottom\" href=\"de/mein-konto/meine-gutscheine\">Neukunden werben <i class=\"sprite-rq_green\"></i></a></p>\n        </div>\n   \n    \n    \n\n\n            </div>\n            <div class=\"box box-incentive incentive-2for1 optional-4cols\">\n                \n   \n    \n\n        <h2 class=\"box-title\"><span>Unsere Aktion: </span>2 für 1</h2>\n        <div class=\"box-content\">\n            \n    \n      Unsere Aktion des Monats:\n        <p></p>\n        <p>\n            Bestellen Sie jetzt<br>\n            <strong><a href=\"de/aktiv3-calcium-magnesium-tabletten\">Aktiv³ Calcium-Magnesium-Tabletten</a></strong><br>\n            und Sie erhalten die gleiche Menge gratis dazu!\n        </p>\n        <a class=\"more abs-bottom\" href=\"javascript:void(0)\" onclick=\"erisx_AddToCart(1165);\">Jetzt bestellen<i class=\"sprite-rq_green\"></i></a>\n\n\n    \n</div>\n\n        </div>\n   \n    \n    \n\n\n            </section></div>\n        </section>\n    </div>\n\n</div>\n\n    \n\n                    </div>\n                \n            \n        \n\n    \n\n    \n\n    \n\n<!-- Facebook Pixel Code -->\n                 <script>\n                    !function(f,b,e,v,n,t,s){if(f.fbq)return;n=f.fbq=function(){n.callMethod?\n                    n.callMethod.apply(n,arguments):n.queue.push(arguments)};if(!f._fbq)f._fbq=n;\n                    n.push=n;n.loaded=!0;n.version='2.0';n.queue=[];t=b.createElement(e);t.async=!0;\n                    t.src=v;s=b.getElementsByTagName(e)[0];s.parentNode.insertBefore(t,s)}(window,\n                    document,'script','//connect.facebook.net/en_US/fbevents.js');\n                    \n                    fbq('init', '1577027689288430');\n                    fbq('track', 'PageView');\n                 </script>\n                 <noscript>&lt;img height=\"1\" width=\"1\" style=\"display:none\" src=\"https://www.facebook.com/tr?id=1577027689288430&amp;ev=PageView&amp;noscript=1\" /&gt;</noscript>\n                 <!-- End Facebook Pixel Code --><script type=\"text/javascript\">\n                    document.write( '<img src=\"/index.php?stat[javascript]=1&stat[screen_w]=' + screen.width + '&stat[screen_h]=' + screen.height + '&stat[colors]=' + ( navigator.appName != 'Netscape' ? screen.colorDepth : screen.pixelDepth ) + '\" style=\"display: none;\" />' ) ;\n                 </script><img src=\"/index.php?stat[javascript]=1&amp;stat[screen_w]=1280&amp;stat[screen_h]=1024&amp;stat[colors]=24\" style=\"display: none;\">\n\n                 <noscript>\n                     &lt;img src=\"/index.php?stat[javascript]=0\" style=\"display: none;\" /&gt;\n                 </noscript><script type=\"text/javascript\">\n           \t  \t\t\t\t       var belboonTag = {};\n\t\t\t\t\t           </script>\n\t\t\t\t\t           <script type=\"text/javascript\">\n                        (function(d) {\n                        var s = d.createElement(\"script\");\n                        s.async = true;\n                        s.src = (d.location.protocol == \"https:\" ? \"https:\" : \"http:\") +\n                        \"//containertags.belboon.de/belboonTag.js.php?pId=13652&page=start&type=dynamic\";\n                        var a = d.getElementsByTagName(\"script\")[0];\n                        a.parentNode.insertBefore(s, a);\n                        }(document));\n                      </script><script>(function(w,d,t,r,u){var f,n,i;w[u]=w[u]||[],f=function(){var o={ ti: \"5512166\"};o.q=w[u],w[u]=new UET(o),w[u].push(\"pageLoad\")},n=d.createElement(t),n.src=r,n.async=1,n.onload=n.onreadystatechange=function(){var s=this.readyState;s&&s!==\"loaded\"&&s!==\"complete\"||(f(),n.onload=n.onreadystatechange=null)},i=d.getElementsByTagName(t)[0],i.parentNode.insertBefore(n,i)})(window,document,\"script\",\"//bat.bing.com/bat.js\",\"uetq\");</script><noscript>&lt;img src=\"//bat.bing.com/action/0?ti=5512166&amp;Ver=2\" height=\"0\" width=\"0\" style=\"display:none; visibility: hidden;\" /&gt;</noscript><script type=\"text/javascript\" src=\"//static.criteo.net/js/ld/ld.js\" async=\"true\"></script> \n                 <script type=\"text/javascript\">\n                    window.criteo_q = window.criteo_q || [];\n                    window.criteo_q.push (\n                        { event: \"setAccount\", account: 25251 }, \n{ event: \"setSiteType\", type: \"d\" }, \n{ event: \"setHashedEmail\", email: \"d41d8cd98f00b204e9800998ecf8427e\" }, \n{ event: \"viewHome\", user_segment: \"0\" }\n                    ) ;  \n                </script><script type=\"text/javascript\">\n                    //<![CDATA[\n\n                        var scr_width       = screen.width  ;\n                        var scr_height      = screen.height ;\n                        var scr_clr_depth   = navigator.appName != 'Netscape' ? screen.colorDepth : screen.pixelDepth ;\n                        var browser_plugins = '' ;\n\n                        if ( navigator.appName == 'Netscape' || navigator.appName == 'Opera' ) {\n                            for ( i = 0 ; i < navigator.plugins.length ; ++i ) {\n                                browser_plugins += navigator.plugins[i].name + ';';\n                            }\n                        }\n\n                        document.write( '<img src=\"index.php?addStats=true&amp;add[support_js]=yes&amp;add[scr_width]=' + scr_width + '&amp;add[scr_height]=' + scr_height + '&amp;add[scr_clr_depth]=' + scr_clr_depth + '&amp;add[browser_plugins]=' + escape ( browser_plugins ) + '\" style=\"display: none;\" />' ) ;\n                    //]]>\n                    </script><img src=\"index.php?addStats=true&amp;add[support_js]=yes&amp;add[scr_width]=1280&amp;add[scr_height]=1024&amp;add[scr_clr_depth]=24&amp;add[browser_plugins]=\" style=\"display: none;\">\n\n                    <noscript>\n                        &lt;img src=\"index.php?addStats=true&amp;amp;add[support_js]=no\" style=\"display: none;\" /&gt;\n                    </noscript><div style=\"display:none;\">\n                 <script type=\"text/javascript\">\n                     ( function (i,s,o,g,r,a,m) { \n                         i['GoogleAnalyticsObject']=r;i[r]=i[r]||function(){\n                         (i[r].q=i[r].q||[]).push(arguments)},i[r].l=1*new \n                         Date();a=s.createElement(o),\n                         m=s.getElementsByTagName(o)[0];a.async=1;a.src=g;m.parentNode.insertBefore(a,m)\n                     } )( window , document , 'script' , '//www.google-analytics.com/analytics.js' , 'ga' ) ;\n\n                     ga ( 'create' , 'UA-38496629-1' , 'kraeuterhaus.de' ) ;\n                     ga ( 'set' , 'anonymizeIp' , true ) ;\n                     ga ( 'send' , 'pageview' ) ;\n                 </script>\n                 </div><script>\n                     var gaProperty = 'UA-38496629-1';\n                     var disableStr = 'ga-disable-' + gaProperty;\n\n                     if (document.cookie.indexOf(disableStr + '=true') > -1) { \n                        window[disableStr] = true; \n                     }\n                     \n                     function gaOptout() {\n                        document.cookie = disableStr + '=true; expires=Thu, 31 Dec 2099 23:59:59 UTC; path=/';\n                        window[disableStr] = true; \n                     }\n                </script><div style=\"display:none;\">\n                 <!-- Google Code for Besucher 30 Remarketing List -->\n                 <script type=\"text/javascript\">\n                 /* <![CDATA[ */\n                     var google_conversion_id = 1062048590;\n                     var google_conversion_language = \"en\";\n                     var google_conversion_format = \"3\";\n                     var google_conversion_color = \"ffffff\";\n                     var google_conversion_label = \"3G4gCOLv0AIQzqa2-gM\";\n                     var google_conversion_value = 0;\n                 /* ]]> */\n                 </script>\n        \n                 <script type=\"text/javascript\" src=\"https://www.googleadservices.com/pagead/conversion.js\"></script><img height=\"1\" width=\"1\" border=\"0\" alt=\"\" src=\"https://www.googleadservices.com/pagead/conversion/1062048590/?random=1492853972256&amp;cv=8&amp;fst=1492853972256&amp;num=1&amp;fmt=3&amp;value=0&amp;label=3G4gCOLv0AIQzqa2-gM&amp;bg=ffffff&amp;hl=en&amp;guid=ON&amp;u_h=1024&amp;u_w=1280&amp;u_ah=1024&amp;u_aw=1280&amp;u_cd=24&amp;u_his=1&amp;u_tz=-300&amp;u_java=false&amp;u_nplug=0&amp;u_nmime=0&amp;frm=0&amp;url=https%3A%2F%2Fwww.kraeuterhaus.de%2F&amp;tiba=Kr%C3%A4uterhaus%20Online-Shop%20%7C%20Nahrungserg%C3%A4nzung%20%7C%20Kosmetik\" style=\"display:none\">\n                 \n                 <noscript>\n                     &lt;div style=\"display:inline;\"&gt;\n                         &lt;img height=\"1\" width=\"1\" style=\"border-style:none;\" alt=\"\" src=\"https://www.googleadservices.com/pagead/conversion/1062048590/?label=3G4gCOLv0AIQzqa2-gM&amp;guid=ON&amp;script=0\"/&gt;\n                     &lt;/div&gt;\n                 </noscript>\n                 </div><div style=\"display:none;\">\n                 <script type=\"text/javascript\">\n\t\t\t\t  /* <![CDATA[ */\n\t\t\t\t\t var google_tag_params = {\n\t\t\t\t\t     ecomm_prodid: '',\n\t\t\t\t\t\t ecomm_pagetype: 'home',\n\t\t\t\t\t\t ecomm_totalvalue: '0',\n\t\t\t\t     } ;\n\t\t\t\t  /* ]]> */\t\t\t\t\t     \n\t\t\t\t  </script>\n\t\t\t\t \n\t\t\t\t  <script type=\"text/javascript\">\n\t\t\t\t  /* <![CDATA[ */\n\t\t\t\t      var google_conversion_id = 1034730601;\n\t\t\t\t\t  var google_custom_params = window.google_tag_params;\n\t\t\t\t\t  var google_remarketing_only = true;\n\t\t\t\t  /* ]]> */\n    \t\t\t  </script>\n\t\n\t\t\t\t  <script type=\"text/javascript\" src=\"//www.googleadservices.com/pagead/conversion.js\"></script><img height=\"1\" width=\"1\" border=\"0\" alt=\"\" src=\"https://googleads.g.doubleclick.net/pagead/viewthroughconversion/1034730601/?random=1492853972264&amp;cv=8&amp;fst=1492853972256&amp;num=2&amp;fmt=1&amp;guid=ON&amp;u_h=1024&amp;u_w=1280&amp;u_ah=1024&amp;u_aw=1280&amp;u_cd=24&amp;u_his=1&amp;u_tz=-300&amp;u_java=false&amp;u_nplug=0&amp;u_nmime=0&amp;data=ecomm_prodid%3D%3Becomm_pagetype%3Dhome%3Becomm_totalvalue%3D0&amp;frm=0&amp;url=https%3A%2F%2Fwww.kraeuterhaus.de%2F&amp;tiba=Kr%C3%A4uterhaus%20Online-Shop%20%7C%20Nahrungserg%C3%A4nzung%20%7C%20Kosmetik\" style=\"display:none\">\n                  <noscript>\n\t\t\t\t      &lt;div style=\"display:inline;\"&gt;\n\t\t\t\t\t\t\t  &lt;img height=\"1\" width=\"1\" style=\"border-style:none;\" alt=\"\" src=\"//googleads.g.doubleclick.net/pagead/viewthroughconversion/1034730601/?value=0&amp;amp;guid=ON&amp;amp;script=0 &lt;https://googleads.g.doubleclick.net/pagead/viewthroughconversion/1034730601/?value=0&amp;guid=ON&amp;script=0&gt;\" /&gt;\n\t\t\t\t\t  &lt;/div&gt;\n\t\t\t\t  </noscript>\n\t\t\t\t  </div><script type=\"text/javascript\">\n                     window.emosTrackVersion = 2;\n                     \n                     window.emosGlobalProperties = {}; \n                     window.emosGlobalProperties.siteid = \"www.kraeuterhaus.de\";\n                     window.emosGlobalProperties.langid = \"de\";\n                     window.emosGlobalProperties.content = \"home\";\n                 </script>\n                \n                 <script type=\"text/javascript\" src=\"skins/website/en/accessories/javascript/ksb_ec_2017.js\"></script>\n\n                 <script type=\"text/javascript\">\n      \t\t\t     var emospro = {};\n                     emospro.pageId = \"398726171\";\n                     \n                     \n                     \n\n                     window.emosPropertiesEvent ( emospro ) ;\n                 </script><!-- content end -->\n        \n        <section class=\"benefits benefits-payment\">\n            <div class=\"container\">\n                <div class=\"column1 optional-3cols\">\n                    <i class=\"dhl\">{txt_shipped_with_dhl]</i>\n                    <i class=\"ssl\">Datensicherheit durch SSL</i>\n                </div>\n                <div class=\"column2 optional-4cols\">\n                    <p class=\"title\"><span>Entscheiden Sie selbst </span>wie Sie bezahlen möchten:</p>\n                </div>\n                <div class=\"column3\">\n                    <ul>\n                        <li class=\"pay-invoice\">\n                            <i></i>\n                            <p>\n                                Rechnung\n                                <span>Kein Risiko!</span>\n                            </p>\n                        </li>\n                        <li class=\"pay-directdebit\">\n                            <i></i>\n                            <p>\n                                Lastschrift\n                                <span>3% Skonto</span>\n                            </p>\n\n                        </li>\n                        <li class=\"pay-paypal\">\n                            <i></i>\n                            &nbsp;\n                        </li>\n                    </ul>\n                </div>\n            </div>\n        </section>\n        <section class=\"benefits benefits-advantages\">\n            <div class=\"container clearfix\">\n                <p class=\"title\"><span>Ihre </span>Vorteile:</p>\n                <ul>\n                <li class=\"adv-delivery\"><a class=\"fancybox fancybox-update-url\" href=\"https://www.kraeuterhaus.de/index.php?module=shop_shipping_costs&amp;index[shop_shipping_costs][skipMainTemplate]=TRUE&amp;index[shop_shipping_costs][skipMainTemplate]=TRUE\">versandkostenfreie <br>Lieferung ab 40 €***</a></li>\n                    <li class=\"adv-quality\">Spitzenqualität seit <br>über hundert Jahren</li>\n                    <li class=\"adv-advice\">Beratung u.a. <br>durch Apotheker</li>\n                    <li class=\"adv-welcomegift\">Willkommens-<br>Geschenk</li>\n                    <li class=\"adv-bonus\">Prämie auf <br>Empfehlung</li>\n                </ul>\n            </div>\n        </section>\n        <footer>\n            <section class=\"footer footer-top\">\n                <div class=\"container clearfix\">\n                    \n                        <div class=\"left\">\n\n                            \n\n    \n    \n    \n\n        <h2>Seit über 110 Jahren bewährte Qualität</h2>\n<p>Kräuterhaus Sanct Bernhard | Naturheilmittel | Körperpflege-Produkte | Nahrungsergänzung | Online-Shop | Direkt-Einkauf beim Hersteller</p>\n<p>Der Online-Shop für Naturheilmittel des Kräuterhauses Sanct Bernhard bietet ein großes Sortiment an Naturheilmitteln, Körperpflege-Produkten und Mitteln zur Nahrungsergänzung aus eigener Herstellung. Dadurch erhalten Sie die Möglichkeit zum günstigen Direkt-Einkauf beim Hersteller.</p>\n\n    \n\n    \n\n    \n\n\n\n                        </div>\n                        <div class=\"right\">\n                            \n\n    \n    \n    \n\n        <h2>&nbsp;</h2>\n<p>Im Online-Shop bieten wir Ihnen zusätzliche Angebote, wie unser Neukundengeschenk und regelmäßige Aktionen. Informieren Sie sich drüber hinaus über Sonderangebote und neue Produkte in unserem Newsletter. Bestellen Sie deshalb Ihre Naturheilmittel-Favoriten und Ihre Lieblingskosmetik ab sofort sicher und bequem - bei Ihrem deutschen Traditionshersteller Kräuterhaus Sanct Bernhard.</p>\n\n    \n\n    \n\n    \n\n\n                        </div>\n                        <br clear=\"all\"><hr>\n                    \n                </div>\n            </section>\n\n            <section class=\"footer footer-search\">\n                <div class=\"container\">\n                    <div class=\"columns12\">\n                        <div class=\"column1\">\n                            <div class=\"search-footer\">\n                                <form action=\"index.php\" method=\"get\"><input type=\"hidden\" name=\"token\" value=\"566fc6a905f7848d45061a4e666c9f66e7508cc8\">\n                                    <input type=\"hidden\" name=\"module\" value=\"shop_articles\">\n                                    <input type=\"hidden\" name=\"index[shop_articles][action]\" value=\"overview\">\n                                    <input type=\"hidden\" name=\"search_input\" value=\"footer\">\n                                    <input type=\"search\" class=\"query force\" name=\"index[shop_articles][pattern]\" placeholder=\"Suchbegriff\">\n                                    <a class=\"submit\" href=\"#\" onclick=\"$( '.search-footer form' ).submit();\"><i class=\"icon sprite-search_green\"></i></a>\n                                </form>\n                            </div>\n                        </div>\n                        <div class=\"column2\">\n                            <ul class=\"social\">\n                                <li class=\"social__fb\"><a href=\"https://www.facebook.com/Kraeuterhaus/\" target=\"_blank\" title=\"Kräuterhaus auf Facebook\">Kräuterhaus auf Facebook</a></li>\n                                <li class=\"social__yt\"><a href=\"https://www.youtube.com/channel/UCtELoLvQTdj9iohrAryTGbA/featured\" target=\"_blank\" title=\"Kräuterhaus auf YouTube\">Kräuterhaus auf YouTube</a></li>\n                                <li class=\"social__blog\"><a href=\"https://www.kraeuterhaus.de/blog/\" target=\"_blank\" title=\"Kräuterhaus Weblog\">Kräuterhaus Weblog</a></li>\n                            </ul>\n                        </div>\n                    </div>\n                    <div class=\"column3\">\n                        <div class=\"footer-options\">\n                            <a class=\"btn btn-olive\" href=\"javascript:window.print();\"><i class=\"icon sprite-print\"></i> Drucken</a>\n                            <a class=\"btn btn-olive top\" href=\"#\">Nach oben<i class=\"icon sprite-arrow_top\"></i></a>\n                        </div>\n                    </div>\n                </div>\n            </section>\n            <section class=\"footer footer-nav\">\n\n                <div class=\"container footer-nav-2\">\n                    <div class=\"footer-nav-div footer-nav-themen\">\n                        <em>Weitere Kategorien</em>\n\n                                <ul class=\"navigation\">\n            \n                <li>\n                    <a href=\"de/arganoel-1\">Arganöl</a>\n                </li>\n            \n                <li>\n                    <a href=\"de/eisen\">Eisen</a>\n                </li>\n            \n                <li>\n                    <a href=\"de/ginkgo\">Ginkgo</a>\n                </li>\n            \n                <li>\n                    <a href=\"de/magnesium\">Magnesium</a>\n                </li>\n            \n                <li>\n                    <a href=\"de/schwarzkuemmel\">Schwarzkümmel</a>\n                </li>\n            \n        </ul>\n\n\n                    </div>\n\n                    <div class=\"footer-nav-div footer-nav-infos\">\n                        <em>Infos</em>\n\n                        <ul class=\"navigation\">\n                            <li><a href=\"index.php?module=newsletter_subscriber&amp;index[newsletter_subscriber][action]=edit\">Newsletter</a></li>\n                            <li><a href=\"de/versandkosten\">Versandkosten</a></li>\n                            \n                                <li><a href=\"de/hilfe\">Hilfe</a></li>\n                            \n                            <li><a href=\"de/faq\">FAQ</a></li>\n                            <li><a href=\"de/kontakt\">Kontakt</a></li>\n                            <!--<li><a href=\"de/anfahrt\">Anfahrt</a></li>-->\n                            <li><a href=\"de/agb\">AGB</a></li>\n                            <li><a href=\"de/datenschutz\">Datenschutz</a></li>\n                            <li><a href=\"de/impressum\">Impressum</a></li>\n                        </ul>\n                    </div>\n                    <div class=\"footer-nav-div footer-nav-sb\">\n                        <em>Rund um Sanct Bernhard</em>\n                        <ul class=\"navigation\">\n                            <li><a href=\"http://image.kraeuterhaus.de\" target=\"_blank\">Das Kräuterhaus</a></li>\n                            <li><a href=\"http://www.aktiv3.de/\" target=\"_blank\">Aktiv3 - Das Fitnessplus</a></li>\n                            <li><a href=\"http://www.energie-kurhotel.de/\" target=\"_blank\">Vitalhotel Sanct Bernhard</a></li>\n                            <li><a href=\"http://www.spezerei-sanct-bernhard.de/\" target=\"_blank\">Spezerei</a></li>\n                            \n                                <li><a href=\"http://image.kraeuterhaus.de/de/erlebnis-kraeutergarten.html\" target=\"_blank\">Kräutergarten</a></li>\n                                <li><a href=\"http://image.kraeuterhaus.de/de/busreisen/-besuchergruppen.html\" target=\"_blank\">Besuchergruppen</a></li>\n                                <li><a href=\"http://www.kraeuterhaus.de/blog\" target=\"_blank\">Der Kräuterhaus Blog</a></li>\n                                <li><a href=\"http://image.kraeuterhaus.de/de/ladengeschaeft.html\" target=\"_blank\">Unsere Ladengeschäfte</a></li>\n\n\n\n                            \n                        </ul>\n                    </div><br clear=\"all\">\n                    <span class=\"footer-notice\">*** innerhalb Deutschlands</span>\n                    <div class=\"footer-partners\">\n                        <ul>\n                            <li class=\"partner_adcell\">\n                                <a href=\"https://www.adcell.de/partnerprogramme/1906\" target=\"_blank\">Adcell</a>\n                            </li>\n                            <li class=\"partner_belboon\">\n                                <a href=\"https://ui.belboon.com/partner13652.html\" target=\"_blank\">Belboon</a>\n                            </li>\n                            <li class=\"partner_affilinet\">\n                                <a href=\"https://www.affili.net/de/partnerprogramme/gesundheit/online-apotheken/krauterhaus-de-sanct-bernhard\" target=\"_blank\">Affilinet</a>\n                            </li>\n                            <li class=\"partner_zanox\">\n                                <a href=\"https://marketplace.zanox.com/publisher-signup?programId=12729\" target=\"_blank\">Zanox</a>\n                            </li>\n                        </ul>\n                    </div>\n                </div>\n            </section>\n            <section class=\"footer footer-main\">\n                <div class=\"container\">\n                    <section class=\"footer-copyright\">\n                        <div class=\"copyright\">\n                                <p>\n        <strong>Kräuterhaus Sanct Bernhard KG</strong><br>Helfensteinstr. 47 | D-73342 Bad Ditzenbach | Telefon +49 (0) 7334 / 9654-0 | Fax +49 (0) 7334 / 9654-44 | <a href=\"mailto:info@kraeuterhaus.de\">info@kraeuterhaus.de</a>\n    </p>\n                        </div>\n                        <div class=\"ifm\">\n                            Shop by <a href=\"http://www.interface-medien.de\" target=\"_blank\">interface medien</a>\n                        </div>\n                    </section>\n                </div>\n            </section>\n        </footer>\n        <div id=\"columns\"></div>\n        \n        \n\n    \n\n\n\n\n        <script>\n            collectTriggers ( \"initRollovers (['box_cms','nav_cms','nav_viewer','action_default'])\" ) ;\n        </script>\n    \n<div id=\"fancybox-tmp\"></div><div id=\"fancybox-loading\"><div></div></div><div id=\"fancybox-overlay\"></div><div id=\"fancybox-wrap\"><div id=\"fancybox-outer\"><div class=\"fancybox-bg\" id=\"fancybox-bg-n\"></div><div class=\"fancybox-bg\" id=\"fancybox-bg-ne\"></div><div class=\"fancybox-bg\" id=\"fancybox-bg-e\"></div><div class=\"fancybox-bg\" id=\"fancybox-bg-se\"></div><div class=\"fancybox-bg\" id=\"fancybox-bg-s\"></div><div class=\"fancybox-bg\" id=\"fancybox-bg-sw\"></div><div class=\"fancybox-bg\" id=\"fancybox-bg-w\"></div><div class=\"fancybox-bg\" id=\"fancybox-bg-nw\"></div><div id=\"fancybox-content\"></div><a id=\"fancybox-close\"></a><div id=\"fancybox-title\"></div><a href=\"javascript:;\" id=\"fancybox-left\"><span class=\"fancy-ico\" id=\"fancybox-left-ico\"></span></a><a href=\"javascript:;\" id=\"fancybox-right\"><span class=\"fancy-ico\" id=\"fancybox-right-ico\"></span></a></div></div><div style=\"width:0px; height:0px; display:none; visibility:hidden;\" id=\"batBeacon0.15393202227114444\"><img style=\"width:0px; height:0px; display:none; visibility:hidden;\" id=\"batBeacon0.6251527595083075\" width=\"0\" height=\"0\" alt=\"\" src=\"https://bat.bing.com/action/0?ti=5512166&amp;Ver=2&amp;mid=a3f92035-3f88-cb1e-9e44-621cadf1b45f&amp;evt=pageLoad&amp;lt=2915&amp;pi=0&amp;lg=en-US&amp;sw=1280&amp;sh=1024&amp;sc=24&amp;tl=Kräuterhaus Online-Shop | Nahrungsergänzung | Kosmetik&amp;p=https%3A%2F%2Fwww.kraeuterhaus.de%2F&amp;r=&amp;rn=307300\"></div><img src=\"https://secure.adnxs.com/px?id=607666&amp;seg=3476291&amp;t=2\" width=\"1\" height=\"1\"><img src=\"https://secure.adnxs.com/seg?add=875279&amp;t=2\" width=\"1\" height=\"1\"><script async=\"\" src=\"https://d31bfnnwekbny6.cloudfront.net/customers/24361.min.js\"></script><script type=\"text/javascript\" async=\"\" src=\"https://a.nexeps.com/retarget/nr_v3.min.js\"></script><iframe src=\"//a.nexeps.com/retarget/?1419&amp;type=0&amp;site=https%3A%2F%2Fwww.kraeuterhaus.de%2F\" width=\"1\" height=\"1\" style=\"display: none;\"></iframe><div id=\"criteo-tags-div\" style=\"display: none;\"><iframe height=\"0\" width=\"0\" src=\"//dis.eu.criteo.com/dis/dis.aspx?p=25251&amp;cb=72251550799&amp;ref=&amp;sc_r=1280x1024&amp;sc_d=24\" style=\"display: none;\"></iframe></div></body>"}
