{"link":"lieferello.de","html":"<head>\n    <script type=\"text/javascript\" async=\"\" src=\"//assets.pinterest.com/js/pinit_main.js?0.4448329230446464\"></script><script async=\"\" src=\"//www.googletagmanager.com/gtm.js?id=GTM-NSJNKD\"></script><script src=\"https://apis.google.com/_/scs/apps-static/_/js/k=oz.gapi.en_US.SLCABaeCDbc.O/m=plusone/rt=j/sv=1/d=1/ed=1/am=AQ/rs=AGLTcCMLkwjFKjbbQHEAkWYM0gtD9xKJJA/cb=gapi.loaded_0\" async=\"\"></script><script id=\"twitter-wjs\" src=\"//platform.twitter.com/widgets.js\"></script><script src=\"https://connect.facebook.net/signals/config/910598462390772?v=stable\" async=\"\"></script><script src=\"https://connect.facebook.net/signals/config/575166599311305?v=stable\" async=\"\"></script><script async=\"\" src=\"https://connect.facebook.net/en_US/fbevents.js\"></script><script src=\"//www.etracker.de/dc/index.php/bto/d/?&amp;v=NA&amp;ecl=NA&amp;cc=aSVtHV&amp;qrs=&amp;et_pagename=__INDEX__&amp;rfr=&amp;cv=0&amp;sdc=%7B%22et_coid%22%3A%22NA%22%2C%22rfr%22%3A%22%22%2C%22time%22%3A0%2C%22pi%22%3A1%2C%22returning%22%3A0%2C%22etcc_cmp%22%3A%22NA%22%7D&amp;pdc=%7B%22etcc_cust%22%3A0%2C%22ec_order%22%3A0%2C%22etcc_newsletter%22%3A0%7D&amp;pg=https%3A%2F%2Fwww.lieferello.de%2F&amp;pt=1\"></script><script type=\"text/javascript\" src=\"//ajax.googleapis.com/ajax/libs/jquery/1.8.3/jquery.min.js\"></script>\n    <script>window.jQuery || document.write('<script src=\"out/lieferello/src/js/jquery-1.8.3.min.js\"><\\/script>')</script>\n    <script type=\"text/javascript\" src=\"/out/lieferello/src/js/main.js\"></script>\n        <script type=\"text/javascript\" src=\"/out/lieferello/src/js/libs/jquery-ui.min.js\"></script>\n                <!--[if gte IE 8]>\n        <link href='//fonts.googleapis.com/css?family=Archivo+Narrow' rel='stylesheet' type='text/css'>\n    <![endif]-->\n    <meta http-equiv=\"Content-Type\" content=\"text/html; charset=UTF-8\">\n                        \n            <title>Lebensmittel Online-Shop - Spezialitäten &amp; Feinkost bei Lieferello  </title>\n    \n    <meta http-equiv=\"X-UA-Compatible\" content=\"IE=Edge\">\n    <meta name=\"apple-mobile-web-app-capable\" content=\"yes\"> \n    <meta name=\"viewport\" content=\"width=1100; maximum-scale=1.5; user-scalable=yes\">\n\n        \n                    <meta name=\"description\" content=\"Premium Lebensmittel im ★★★★★ Online-Shop von Lieferello mit einem großen Sortiment. Bestellen Sie Feinkost, Wein, Spirituosen oder hochwertige Süßwaren.\">\n            \n            <meta name=\"keywords\" content=\"onlineshop, lebensmittel, lebensmittelversand, feinkost, feinkostversand, premium, gourmet, wein, süßwaren, confiserie, whisky, whiskey, spezialitäten, geschenkideen, präsente, geschenke, essen, trinken, lecker, selten\">\n    \n            <meta property=\"og:site_name\" content=\"https://www.lieferello.de/\">\n        <meta property=\"fb:app_id\" content=\"326171520820146\">\n        \n            <meta property=\"og:title\" content=\"Lebensmittel Online-Shop - Spezialitäten &amp; Feinkost bei Lieferello  \">\n        \n                    <meta property=\"og:type\" content=\"website\">\n            <meta property=\"og:image\" content=\"\">\n            <meta property=\"og:url\" content=\"https://www.lieferello.de/\">\n            \n\n                <script async=\"\" src=\"https://ssl.google-analytics.com/ga.js\"></script><link rel=\"canonical\" href=\"http://www.lieferello.de/\">\n        <link rel=\"shortcut icon\" href=\"https://www.lieferello.de/out/lieferello/src/img/favicon.ico\">\n\n    \n        \n        \n        \n    \n\n\n\n\n                            <link rel=\"alternate\" type=\"application/rss+xml\" title=\"Lieferello/Top of the Shop\" href=\"http://www.lieferello.de/rss/Lieferello/Top-of-the-Shop/\">\n                    <link rel=\"alternate\" type=\"application/rss+xml\" title=\"Lieferello/Neu im Shop\" href=\"http://www.lieferello.de/rss/Lieferello/Neu-im-Shop/\">\n            \n    \n            \n\n\n        <link rel=\"stylesheet\" type=\"text/css\" href=\"https://www.lieferello.de/out/lieferello/src/css/archivo-narrow.css?1424353825\">\n<link rel=\"stylesheet\" type=\"text/css\" href=\"https://www.lieferello.de/out/lieferello/src/css/shop.css?1484663111\">\n<link rel=\"stylesheet\" type=\"text/css\" href=\"https://www.lieferello.de/out/lieferello/src/css/pepper-grinder/jquery-ui-1.9.2.custom.css?1484663110\">\n<link rel=\"stylesheet\" type=\"text/css\" href=\"https://www.lieferello.de/modules/actindo/cartpopup/out/src/js/fancybox/jquery.fancybox.css\">\n\n    <!--[if lte IE 7 ]>\n        <link rel=\"stylesheet\" type=\"text/css\" href=\"https://www.lieferello.de/out/lieferello/src/css/ie7.css\" />\n    <![endif]-->\n\t<script>\n\t\n/* <![CDATA[ */\n            var _gaq = _gaq || [];\n        _gaq.push(['_setAccount', 'UA-38124775-1']);\n                    _gaq.push (['_gat._anonymizeIp']);\n                _gaq.push(['_trackPageview']);\n\n        (function() {\n        var ga = document.createElement('script');\n        ga.async = true;\n        ga.src = ('https:' == document.location.protocol ? 'https://ssl' : 'http://www') + '.google-analytics.com/ga.js';\n        var s = document.getElementsByTagName('link')[0]; s.parentNode.insertBefore(ga, s);\n        })();\n    /* ]]> */\n\t</script>\n\t<noscript></noscript>\n    \n\n \n\n        <!-- Copyright (c) 2000-2014 etracker GmbH. All rights reserved. -->\n    <!-- This material may not be reproduced, displayed, modified or distributed -->\n    <!-- without the express prior written permission of the copyright holder. -->\n    <!-- etracker tracklet 4.0 -->\n    <script type=\"text/javascript\">\n        //<![CDATA[\n        var et_pagename = '__INDEX__';\nvar et_areas = 'Startseite';\nvar et_url = 'http%3A%2F%2Fwww.lieferello.de%2F';\nvar et_target = '';\nvar et_se = '';\n\n        //]]>\n    </script>\n    <script id=\"_etLoader\" type=\"text/javascript\" charset=\"UTF-8\" data-secure-code=\"aSVtHV\" src=\"//static.etracker.com/code/e.js\"></script><script type=\"text/javascript\" src=\"//www.etracker.de/dc/js/jquery-1.8.3.min.js\"></script><script async=\"\" type=\"text/javascript\" charset=\"UTF-8\" id=\"_etCode\" src=\"//code.etracker.com/t.js?v=4aa312&amp;et=aSVtHV\"></script>\n    <noscript>\n        &lt;link rel=\"stylesheet\" media=\"all\" href=\"//www.etracker.de/cnt_css.php?et=aSVtHV&amp;amp;v=4.0&amp;amp;java=n&amp;amp;et_easy=0&amp;amp;et_pagename=__INDEX__&amp;amp;et_areas=Startseite&amp;amp;et_url=http%3A%2F%2Fwww.lieferello.de%2F&amp;amp;et_target=&amp;amp;et_se=&amp;amp;et_organisation=&amp;amp;et_demographic\" /&gt;\n    </noscript>\n    <!-- etracker CODE END -->\n    <script type=\"text/javascript\" src=\"//www.etracker.de/cnt_js.php?&amp;et=aSVtHV&amp;v=4.0&amp;java=y&amp;swidth=1280&amp;sheight=1024&amp;siwidth=800&amp;siheight=575&amp;scookie=1&amp;scolor=24&amp;tc=1492906832395&amp;et_tz=300&amp;slang=en-US&amp;et_ilevel=1&amp;et_areas=Startseite&amp;p=Javascript%201.7&amp;&amp;et_pagename=__INDEX__&amp;et_target=,0,0,0,0&amp;et_url=http%3A%2F%2Fwww.lieferello.de%2F&amp;coid=756e05abb621d4bb9230cc10021e52c3&amp;et_ca=1&amp;et_cd=www.lieferello.de&amp;dh=P2XueGtAo6QEFl3rKuTCmg%3D%3D\"></script><script type=\"text/javascript\" src=\"//www.etracker.de/cntcc?&amp;&amp;et=aSVtHV&amp;v=4.0&amp;tc=14929068323433&amp;pagename=__INDEX__&amp;ilevel=1&amp;swidth=1280&amp;sheight=1024&amp;scolor=24&amp;slang=en-US&amp;areas=Startseite&amp;cc_url=http%253A%252F%252Fwww.lieferello.de%252F&amp;et_tonr=0&amp;et_profit=0&amp;cc_ordercurr=EUR&amp;cc_ordertype=lead&amp;cc_baskettype=basket&amp;coid=756e05abb621d4bb9230cc10021e52c3&amp;et_ca=1&amp;et_cd=www.lieferello.de&amp;dh=P2XueGtAo6QEFl3rKuTCmg%3D%3D\"></script><style type=\"text/css\"> .PIN_1492906832782_embed_grid { \n  width: 100%;\n  max-width: 257px;\n  min-width: 140px;\n  display: inline-block;\n  box-shadow: inset 0 0 1px #000;\n  border-radius: 5px;\n  overflow: hidden;\n  font: 12px \"Helvetica Neue\", Helvetica, arial, sans-serif;\n  color: rgb(54, 54, 54);\n  box-sizing: border-box;\n  background: #fff;\n  cursor: pointer;\n  -webkit-font-smoothing: antialiased;\n}\n .PIN_1492906832782_embed_grid * { \n  display: block;\n  position: relative;\n  font: inherit;\n  cursor: inherit;\n  box-sizing: inherit;\n  margin: 0;\n  padding: 0;\n  text-align: left;\n}\n .PIN_1492906832782_embed_grid .PIN_1492906832782_hd { \n  height: 55px;\n}\n .PIN_1492906832782_embed_grid .PIN_1492906832782_hd .PIN_1492906832782_img { \n  position: absolute;\n  top: 10px;\n  left: 10px;\n  height: 36px;\n  width: 36px;\n  border-radius: 3px;\n  background: transparent url () 0 0 no-repeat;\n  background-size: cover;\n}\n .PIN_1492906832782_embed_grid .PIN_1492906832782_hd .PIN_1492906832782_pinner { \n  white-space: nowrap;\n  overflow: hidden;\n  text-overflow: ellipsis;\n  width: 75%;\n  position: absolute;\n  top: 20px;\n  left: 56px;\n  font-size: 14px;\n  font-weight: bold;\n}\n .PIN_1492906832782_embed_grid .PIN_1492906832782_bd { \n  padding: 0 10px;\n  -moz-scrollbars: none;\n  -ms-overflow-style: none;\n  overflow-x: hidden;\n  overflow-y: auto;\n}\n .PIN_1492906832782_embed_grid .PIN_1492906832782_bd .PIN_1492906832782_ct { \n  width: 100%;\n  height: auto;\n}\n .PIN_1492906832782_embed_grid .PIN_1492906832782_bd .PIN_1492906832782_ct .PIN_1492906832782_col { \n  display: inline-block;\n  width: 100%;\n  padding: 1px;\n  vertical-align: top;\n  min-width: 60px;\n}\n .PIN_1492906832782_embed_grid .PIN_1492906832782_bd .PIN_1492906832782_ct .PIN_1492906832782_col .PIN_1492906832782_img { \n  margin: 0;\n  display: inline-block;\n  width: 100%;\n  background: transparent url() 0 0 no-repeat;\n  background-size: cover;\n  box-shadow: inset 0 0 1px #000;\n  border-radius: 2px;\n}\n .PIN_1492906832782_embed_grid .PIN_1492906832782_ft { \n  padding: 11px;\n}\n .PIN_1492906832782_embed_grid .PIN_1492906832782_ft .PIN_1492906832782_button { \n  border-radius: 3px;\n  text-align: center;\n  box-shadow: inset 0 0 1px #888;\n  background-color: #efefef;\n  position: relative;\n  display: block;\n  overflow: hidden;\n  height: 33px;\n  width: 100%;\n  min-width: 70px;\n  padding: 0 3px;\n}\n .PIN_1492906832782_embed_grid .PIN_1492906832782_ft .PIN_1492906832782_button .PIN_1492906832782_label { \n  position: absolute;\n  left: 0;\n  width: 100%;\n  text-align: center;\n}\n .PIN_1492906832782_embed_grid .PIN_1492906832782_ft .PIN_1492906832782_button .PIN_1492906832782_label.PIN_1492906832782_top { \n  top: 0;\n}\n .PIN_1492906832782_embed_grid .PIN_1492906832782_ft .PIN_1492906832782_button .PIN_1492906832782_label.PIN_1492906832782_bottom { \n  bottom: 0;\n}\n .PIN_1492906832782_embed_grid .PIN_1492906832782_ft .PIN_1492906832782_button .PIN_1492906832782_label .PIN_1492906832782_string { \n  white-space: pre;\n  color: #746d6a;\n  font-size: 13px;\n  font-weight: bold;\n  vertical-align: top;\n  display: inline-block;\n  height: 33px;\n  line-height: 33px;\n}\n .PIN_1492906832782_embed_grid .PIN_1492906832782_ft .PIN_1492906832782_button .PIN_1492906832782_label .PIN_1492906832782_logo { \n  display: inline-block;\n  vertical-align: top;\n  height: 33px;\n  width: 65px;\n  background: transparent url(data:image/svg+xml;base64,PHN2ZyB4bWxucz0iaHR0cDovL3d3dy53My5vcmcvMjAwMC9zdmciIGhlaWdodD0iMTZweCIgd2lkdGg9IjY0cHgiIHZpZXdCb3g9IjAgMCA2NCAxNiI+PGc+PHBhdGggZD0iTTMzLjIxNSw3LjY2NyBDMzMuODg4LDcuNjY3IDM0LjEyMiw4LjA3NSAzNC4xMjIsOC41NjIgQzM0LjEyMiw5LjM4NiAzMy40ODIsOS44ODkgMzIuNDgxLDkuODg5IEMzMi4xMjQsOS44ODkgMzEuNjI1LDkuODA0IDMxLjMyOSw5LjcwNCBDMzEuNDUyLDguOTQ4IDMxLjk0LDcuNjY3IDMzLjIxNSw3LjY2NyBMMzMuMjE1LDcuNjY3IFogTTQ3LjY2OSw3LjY2NyBDNDguMjg0LDcuNjY3IDQ4LjU3MSw4LjA3NSA0OC41NzEsOC41NjIgQzQ4LjU3MSw5LjM4NiA0Ny45MzYsOS44ODkgNDYuOTMxLDkuODg5IEM0Ni41NzIsOS44ODkgNDYuMDcsOS44MDQgNDUuNzcyLDkuNzA0IEM0NS44OTUsOC45NDggNDYuNDM5LDcuNjY3IDQ3LjY1OSw3LjY2NyBMNDcuNjY5LDcuNjY3IFogTTYyLjkwNiw3LjczNiBDNjMuMTExLDcuNzM2IDYzLjI0NSw3LjY1IDYzLjI4Niw3LjQ1NCBDNjMuMzQ3LDcuMTY2IDYzLjQ3LDYuNjY0IDYzLjUxMSw2LjUzMSBDNjMuNTUyLDYuMzU2IDYzLjQ1LDYuMjIzIDYzLjI1NSw2LjIyMyBMNjEuNzM3LDYuMjIzIEM2MS44NCw1Ljc4MiA2Mi4yNzEsNC4zNjcgNjIuMjcxLDMuNDQ0IEM2Mi4yNzEsMS41OTkgNjAuNzAyLDAuMDMgNTguNDg3LDAuMDMgQzU1Ljk3NSwwLjAzIDU0LjM0NCwxLjcxMSA1NC4zNDQsNC4wOCBDNTQuMzQ0LDQuNzY3IDU0LjYwMSw1LjU3NyA1NC45MTksNi4wNjkgQzU0Ljc4NSw2LjA1OSA1NC42NDIsNi4wNTQgNTQuNTA4LDYuMDU0IEM1Mi42MDEsNi4wNTQgNTEuNDAyLDcuMDkgNTEuNDAyLDguNTkzIEM1MS40MDIsMTAuMDA4IDUyLjUwOSwxMC41NTkgNTMuNTY1LDEwLjkyIEM1NC40ODgsMTEuMjQ5IDU1LjM0OSwxMS40IDU1LjM0OSwxMi4xMiBDNTUuMzQ5LDEyLjYxMiA1NC44NzgsMTIuODk5IDUzLjk1NSwxMi44OTkgQzUyLjg1OCwxMi44OTkgNTIuMjUzLDEyLjM4NyA1Mi4wOTksMTIuMTkyIEM1Mi4yMDEsMTIuMTEgNTIuMzU1LDExLjkxNSA1Mi4zNTUsMTEuNTk1IEM1Mi4zNTUsMTEuMTQ0IDUyLjAzOSwxMC43NzUgNTEuNDQ5LDEwLjc3NSBDNTAuOTQ4LDEwLjc3NSA1MC41MjYsMTEuMTg1IDUwLjQxOSwxMS43MTggQzQ5LjYxOSwxMi4zNzQgNDguNzQzLDEyLjgwMiA0Ny41MDMsMTIuODAyIEM0Ni4yODMsMTIuODAyIDQ1LjY0NywxMi4xNjYgNDUuNjQ3LDEwLjgxMyBDNDUuOTM0LDEwLjkwMiA0Ni42ODMsMTEuMDA4IDQ3LjE3NSwxMS4wMDggQzQ5LjI0NiwxMS4wMDggNTAuNjUxLDEwLjA2NCA1MC42NTEsOC4xODQgQzUwLjY1MSw3LjE3MiA0OS43NjksNi4xMDggNDguMDA1LDYuMTA4IEM0NS42OTIsNi4xMDggNDQuMzk5LDcuNTc1IDQzLjgzMiw5LjE4NCBMNDMuMzU1LDkuMDc2IEM0My40ODksOC43MTcgNDMuNTc3LDguMzAxIDQzLjU3Nyw3Ljg0NSBDNDMuNTc3LDcuMDQ1IDQzLjA4NSw2LjEwNyA0MS43NjIsNi4xMDcgQzQwLjg0NSw2LjEwNyAzOS45NzQsNi43MDggMzkuMzcsNy42MSBMMzkuNjI2LDYuNjA2IEMzOS42NjQsNi40NTIgMzkuNTk5LDYuMjgzIDM5LjM1OSw2LjI4MyBMMzguMDA2LDYuMjgzIEMzNy44MTQsNi4yODMgMzcuNjc4LDYuMzU0IDM3LjYyLDYuNTcgTDM2LjY2NywxMC4zMTIgQzM2LjM5LDExLjQzIDM0LjkxMywxMi44MTQgMzMuMDU3LDEyLjgxNCBDMzEuODM1LDEyLjgxNCAzMS4yMDEsMTIuMTM4IDMxLjIwMSwxMC43ODQgQzMxLjUyMiwxMC45MTIgMzIuMjM1LDExLjAyIDMyLjcyNiwxMS4wMiBDMzQuODc5LDExLjAyIDM2LjIwNSwxMC4wODEgMzYuMjA1LDguMTk3IEMzNi4yMDUsNy4xODcgMzUuMzEzLDYuMTI0IDMzLjU2LDYuMTI0IEMzMC45NDUsNi4xMjQgMjkuMzQ1LDguMTQ4IDI5LjA3OSwxMC40NDEgQzI4Ljk2NiwxMS4zOTQgMjguMTU2LDEyLjcwMyAyNy4yODQsMTIuNzAzIEMyNi44NjQsMTIuNzAzIDI2LjYyOCwxMi40MzYgMjYuNjI4LDExLjk4NSBDMjYuNjI4LDExLjU5NSAyNi45MDEsMTAuNjMxIDI3LjIwMiw5LjQzMiBDMjcuMzA1LDkuMDMyIDI3LjQ1Niw4LjQxNiAyNy42MjYsNy43NCBMMjkuMDUxLDcuNzQgQzI5LjI1OSw3Ljc0IDI5LjM4Miw3LjY0NyAyOS40MzEsNy40NTMgQzI5LjQ5OCw3LjE2NSAyOS42MjIsNi42NzMgMjkuNjU2LDYuNTQgQzI5LjcwNCw2LjM2NiAyOS42MDEsNi4yMjcgMjkuNDA0LDYuMjI3IEwyOC4wMDksNi4yMjcgTDI4LjY2NiwzLjYwNiBDMjguNzI3LDMuMzQ2IDI4LjUwOCwzLjE5NiAyOC4yODEsMy4yNDQgQzI4LjI4MSwzLjI0NCAyNy4yMDQsMy40NTUgMjcuMDA2LDMuNDk4IEMyNi44MDQsMy41MzkgMjYuNjQ3LDMuNjQ2IDI2LjU3NSwzLjkzOSBMMjYuMDExLDYuMjI1IEwyNC45MDQsNi4yMjUgQzI0LjY5MSw2LjIyNSAyNC41NjgsNi4zMTIgMjQuNTIyLDYuNTA5IEMyNC40NTMsNi43OTIgMjQuMzI3LDcuMjg4IDI0LjI5Myw3LjQyMiBDMjQuMjQ1LDcuNiAyNC4zNSw3LjczNSAyNC41NSw3LjczNSBMMjUuNjQ1LDcuNzM1IEMyNS42MzgsNy43NjkgMjUuMjUsOS4yNDIgMjQuOTM3LDEwLjU2NSBDMjQuNzg5LDExLjIwNCAyNC4yOTMsMTIuNjkxIDIzLjQ4MSwxMi42OTEgQzIyLjk5OSwxMi42OTEgMjIuNzk0LDEyLjQ0NSAyMi43OTQsMTEuOTIyIEMyMi43OTQsMTEuMDk2IDIzLjYwNiw5LjAzMSAyMy42MDYsOC4wOTMgQzIzLjYwNiw2Ljg0MiAyMi45MzUsNi4xMTQgMjEuNTU5LDYuMTE0IEMyMC42OTMsNi4xMTQgMTkuNzk1LDYuNjc4IDE5LjQxNCw3LjE3MSBDMTkuNDE0LDcuMTcxIDE5LjUyOSw2Ljc3MSAxOS41Nyw2LjYxNyBDMTkuNjEyLDYuNDUzIDE5LjUyOSw2LjI5MiAxOS4zMTQsNi4yOTIgTDE3Ljk3MSw2LjI5MiBDMTcuNjg0LDYuMjkyIDE3LjYwOSw2LjQ0NiAxNy41NjcsNi42MTIgTDE2LjU5OCwxMC40MDYgQzE2LjI3NSwxMS42NTcgMTUuNTAzLDEyLjcwMyAxNC42OCwxMi43MDMgQzE0LjI1LDEyLjcwMyAxNC4wNjUsMTIuNDM2IDE0LjA2NSwxMS45NzQgQzE0LjA2NSwxMS41ODUgMTQuMzEzLDEwLjYyMSAxNC42MTksOS40MjEgQzE0Ljk4Myw3Ljk2NSAxNS4zMDYsNi43NjYgMTUuMzQyLDYuNjIyIEMxNS4zODgsNi40NDQgMTUuMzA3LDYuMjg4IDE1LjA3NSw2LjI4OCBMMTMuNzIyLDYuMjg4IEMxMy40NzYsNi4yODggMTMuMzg4LDYuNDE0IDEzLjMzOCw2LjU5NSBDMTMuMzM4LDYuNTk1IDEyLjk1OSw4LjAzNCAxMi41NTcsOS42NDEgQzEyLjI3LDEwLjgwNiAxMS45NDIsMTEuOTkzIDExLjk0MiwxMi41NDkgQzExLjk0MiwxMy41NDMgMTIuMzg2LDE0LjI5MiAxMy42MTYsMTQuMjkyIEMxNC41NTksMTQuMjkyIDE1LjMwOCwxMy44MSAxNS44ODIsMTMuMjAyIEwxNS43MzksMTMuNzY2IEMxNS42ODcsMTMuOTU3IDE1Ljc0OSwxNC4xMjUgMTUuOTY3LDE0LjEyNSBMMTcuMzUyLDE0LjEyNSBDMTcuNTkzLDE0LjEyNSAxNy42ODUsMTQuMDI3IDE3LjczNiwxMy44MTcgTDE4LjgzMyw5LjU1MSBDMTkuMTAzLDguNDUxIDE5Ljc3Nyw3LjcyNiAyMC43Myw3LjcyNiBDMjEuMTgxLDcuNzI2IDIxLjU3MSw4LjAyNCAyMS41MjYsOC42MDUgQzIxLjQ3NSw5LjI0NCAyMC43MDYsMTEuNTM4IDIwLjcwNiwxMi41NDUgQzIwLjcwNiwxMy4zMDMgMjAuOTg5LDE0LjI4OCAyMi40MjIsMTQuMjg4IEMyMy4zOTYsMTQuMjg4IDI0LjExNCwxMy44MTYgMjQuNjM3LDEzLjIxMSBDMjQuODMyLDEzLjg0OSAyNS4zMzQsMTQuMjggMjYuMjY3LDE0LjI4IEMyNy44MTYsMTQuMjggMjguNzQ5LDEzLjM2IDI5LjMwMiwxMi40MzggQzI5Ljc1MSwxMy41MTUgMzAuODE1LDE0LjI4NCAzMi4zNzksMTQuMjg0IEMzMy45NjgsMTQuMjg0IDM1LjIwNCwxMy42MSAzNi4wNzYsMTIuNjk3IEwzNS44MDYsMTMuNzgxIEMzNS43NTUsMTMuOTczIDM1Ljg0MSwxNC4xMjUgMzYuMDY3LDE0LjEyNSBMMzcuNDM3LDE0LjEyNSBDMzcuNjIxLDE0LjEyNSAzNy43NTcsMTQuMDI4IDM3LjgwNiwxMy44MyBDMzcuODI4LDEzLjczNCAzOC4wMjcsMTIuOTY5IDM4LjMwOCwxMS44ODIgQzM4Ljg0Miw5LjgwMSAzOS43MDMsNy42NDIgNDAuOTkzLDcuNjQyIEM0MS40NDksNy42NDIgNDEuNjM3LDcuODk3IDQxLjYzNyw4LjI5OCBDNDEuNjM3LDguNDg3IDQxLjU4MSw4LjY0OSA0MS41MzQsOC43MzkgQzQwLjkwOSw4LjYxNCA0MC40MDQsOC45MjIgNDAuNDA0LDkuNTkgQzQwLjQwNCwxMC4wMjcgNDAuODYzLDEwLjQyMyA0MS40ODEsMTAuNDIzIEM0MS45NTMsMTAuNDIzIDQyLjM0NSwxMC4zMDggNDIuNjU3LDEwLjA5NyBDNDIuOTU0LDEwLjE1OSA0My4yNjIsMTAuMjI1IDQzLjU4LDEwLjI5NyBDNDMuNTM5LDEwLjYxIDQzLjUwOCwxMC45MTggNDMuNTA4LDExLjIwNyBDNDMuNTA4LDEyLjg3OSA0NC43NjksMTQuMjk3IDQ2LjkwMiwxNC4yOTcgQzQ4LjU4NCwxNC4yOTcgNDkuNjUsMTMuNzMzIDUwLjY2NSwxMi44OTggQzUxLjE0NywxMy42NzggNTIuMzQ3LDE0LjMwMyA1My45MjYsMTQuMzAzIEM1Ni4wOSwxNC4zMDMgNTcuMzIsMTMuMTc1IDU3LjMyLDExLjY4OCBDNTcuMzIsMTAuMzM1IDU2LjIxMyw5Ljg0MyA1NS4wNzQsOS40MzMgQzU0LjE1Miw5LjA5NCA1My4zNzIsOC45MiA1My4zNzIsOC4yNjQgQzUzLjM3Miw3LjcyIDUzLjgwMyw3LjQ3NCA1NC41MjEsNy40NzQgQzU0Ljk5Miw3LjQ3NCA1NS4zNDEsNy41NzcgNTUuNTM2LDcuNjI4IEM1NS43Miw4LjA4OSA1Ni4xMSw4LjYxMiA1Ni43NzcsOC42MTIgQzU3LjMzNSw4LjYxMiA1Ny41ODcsOC4xNzEgNTcuNTg3LDcuNzYxIEM1Ny41ODcsNi42MDIgNTUuNjU3LDYuNDc5IDU1LjY1NywzLjk5OCBDNTUuNjU3LDIuNDUgNTYuNTMzLDEuMTc4IDU4LjM0MywxLjE3OCBDNTkuNjAzLDEuMTc4IDYwLjQyNSwxLjk3OCA2MC40MjUsMy4yNiBDNjAuNDI1LDQuMzE2IDU5Ljc3OSw2LjIxMyA1OS43NzksNi4yMTMgTDU4LjY4Miw2LjIxMyBDNTguNDcyLDYuMjEzIDU4LjM0Nyw2LjI5NSA1OC4yOTksNi40OSBMNTguMDcxLDcuNDAyIEM1OC4wMjcsNy41NzcgNTguMTI4LDcuNzEgNTguMzI3LDcuNzEgTDU5LjM5Myw3LjcxIEM1OS42MTcsNy43NDkgNTguMjg2LDEyLjQ1IDU4LjI4NiwxMi41MjkgQzU4LjI4NiwxMy41MjQgNTguODQ4LDE0LjI3MiA2MC4wNzUsMTQuMjcyIEM2MS44MDgsMTQuMjcyIDYyLjg5NSwxMy4xNDQgNjMuMzY3LDExLjUwNCBDNjMuNDA0LDExLjM3MyA2My4zMzMsMTEuMjcgNjMuMjAzLDExLjI3IEw2Mi41MzYsMTEuMjcgQzYyLjQwMywxMS4yNyA2Mi4zMjcsMTEuMzQ0IDYyLjI5NCwxMS40NzUgQzYyLjE0OCwxMi4wNiA2MS43NzgsMTIuNjc1IDYxLjA0MywxMi42NzUgQzYwLjYyMywxMi42NzUgNjAuMzg1LDEyLjQwOCA2MC4zODUsMTEuOTUxIEM2MC4zODUsMTEuNTYxIDYxLjM5LDcuNzA5IDYxLjM5LDcuNzA5IEw2Mi45MDYsNy43MzYgTDYyLjkwNiw3LjczNiBaIE0xNi4wOTksNC4xMyBDMTYuMDUyLDQuODQ1IDE1LjQ1Myw1LjQyNiAxNC43NjMsNS40MjYgQzE0LjA3Niw1LjQyNiAxMy41NTQsNC44NDUgMTMuNjA1LDQuMTI5IEMxMy42NTYsMy40MTQgMTQuMjUxLDIuODMzIDE0Ljk0LDIuODMzIEMxNS42MjksMi44MzMgMTYuMTUsMy40MDkgMTYuMDk5LDQuMTI1IEwxNi4wOTksNC4xMyBaIE02LjQ1LDAgQzIuMjQ2LDAgMC4wMSwyLjgyNSAwLjAxLDUuOTAyIEMwLDcuMzQyIDAuNzY0LDkuMTIyIDEuOTc5LDkuNjkgQzIuMTY0LDkuNzc1IDIuMjYyLDkuNzM3IDIuMzA0LDkuNTU5IEMyLjMzNSw5LjQyMyAyLjUwMSw4Ljc2MiAyLjU3NSw4LjQ1MyBDMi42MDYsOC4zNTUgMi41OTUsOC4yNjkgMi41MTMsOC4xNzIgQzIuMTEzLDcuNjg2IDEuNzk1LDYuNzg4IDEuNzk1LDUuOTQ5IEMxLjc5NSwzLjggMy40MjYsMS43MiA2LjE5NCwxLjcyIEM4LjU5NCwxLjcyIDEwLjI2NSwzLjM1IDEwLjI2NSw1LjY4NSBDMTAuMjY1LDguMzIyIDguOTQyLDEwLjE0OCA3LjIwOSwxMC4xNDggQzYuMjU2LDEwLjE0OCA1LjUzOCw5LjM1OSA1Ljc2NCw4LjM4NyBDNi4wNDEsNy4yMjggNi41NzQsNS45NzcgNi41NzQsNS4xMzYgQzYuNTc0LDQuMzg4IDYuMTc0LDMuNzYyIDUuMzQzLDMuNzYyIEM0LjM2OSwzLjc2MiAzLjU4LDQuNzY3IDMuNTgsNi4xMzEgQzMuNTgsNi45OTIgMy44NzcsNy41NzcgMy44NzcsNy41NzcgTDIuNzA3LDEyLjQyOCBDMi40MDcsMTMuNzIgMi43NDgsMTUuODExIDIuNzc3LDE1Ljk5MyBDMi43OTIsMTYuMDkgMi45LDE2LjEyNCAyLjk2MSwxNi4wNDEgQzMuMDU4LDE1LjkxNSA0LjIyMywxNC4xNjkgNC41NTEsMTIuOTA2IEw1LjE1NiwxMC41ODggQzUuNDc3LDExLjE5MyA2LjQwNCwxMS43MDYgNy4zOTEsMTEuNzA2IEMxMC4zMzEsMTEuNzA2IDEyLjQ1LDkuMDAzIDEyLjQ1LDUuNjQ0IEMxMi40NSwyLjQyNCA5LjgyMiwwLjAxNCA2LjQ0MSwwLjAxNCBMNi40NSwwIFoiIGZpbGw9IiNiZDA4MWMiPjwvcGF0aD48L2c+PC9zdmc+) 50% 50% no-repeat;\n  background-size: 60px 15px;\n}\n .PIN_1492906832782_embed_grid .PIN_1492906832782_ft .PIN_1492906832782_button:hover { \n  box-shadow: inset 0 0 1px #000;\n}\n .PIN_1492906832782_embed_grid.PIN_1492906832782_noscroll .PIN_1492906832782_bd { \n  overflow: hidden;\n}\n .PIN_1492906832782_embed_grid.PIN_1492906832782_board .PIN_1492906832782_hd .PIN_1492906832782_pinner { \n  top: 10px;\n}\n .PIN_1492906832782_embed_grid.PIN_1492906832782_board .PIN_1492906832782_hd .PIN_1492906832782_board { \n  white-space: nowrap;\n  overflow: hidden;\n  text-overflow: ellipsis;\n  width: 75%;\n  position: absolute;\n  bottom: 10px;\n  left: 56px;\n  color: #8e8e8e;\n  font-size: 12px;\n}\n .PIN_1492906832782_embed_grid.PIN_1492906832782_c2 { \n  max-width: 494px;\n  min-width: 140px;\n}\n .PIN_1492906832782_embed_grid.PIN_1492906832782_c2 .PIN_1492906832782_bd .PIN_1492906832782_ct .PIN_1492906832782_col { \n  width: 50%;\n}\n .PIN_1492906832782_embed_grid.PIN_1492906832782_c3 { \n  max-width: 731px;\n  min-width: 200px;\n}\n .PIN_1492906832782_embed_grid.PIN_1492906832782_c3 .PIN_1492906832782_bd .PIN_1492906832782_ct .PIN_1492906832782_col { \n  width: 33.33%;\n}\n .PIN_1492906832782_embed_grid.PIN_1492906832782_c4 { \n  max-width: 968px;\n  min-width: 260px;\n}\n .PIN_1492906832782_embed_grid.PIN_1492906832782_c4 .PIN_1492906832782_bd .PIN_1492906832782_ct .PIN_1492906832782_col { \n  width: 25%;\n}\n .PIN_1492906832782_embed_grid.PIN_1492906832782_c5 { \n  max-width: 1205px;\n  min-width: 320px;\n}\n .PIN_1492906832782_embed_grid.PIN_1492906832782_c5 .PIN_1492906832782_bd .PIN_1492906832782_ct .PIN_1492906832782_col { \n  width: 20%;\n}\n .PIN_1492906832782_embed_grid.PIN_1492906832782_c6 { \n  max-width: 1442px;\n  min-width: 380px;\n}\n .PIN_1492906832782_embed_grid.PIN_1492906832782_c6 .PIN_1492906832782_bd .PIN_1492906832782_ct .PIN_1492906832782_col { \n  width: 16.66%;\n}\n .PIN_1492906832782_embed_grid.PIN_1492906832782_c7 { \n  max-width: 1679px;\n  min-width: 440px;\n}\n .PIN_1492906832782_embed_grid.PIN_1492906832782_c7 .PIN_1492906832782_bd .PIN_1492906832782_ct .PIN_1492906832782_col { \n  width: 14.28%;\n}\n .PIN_1492906832782_embed_grid.PIN_1492906832782_c8 { \n  max-width: 1916px;\n  min-width: 500px;\n}\n .PIN_1492906832782_embed_grid.PIN_1492906832782_c8 .PIN_1492906832782_bd .PIN_1492906832782_ct .PIN_1492906832782_col { \n  width: 12.5%;\n}\n .PIN_1492906832782_embed_grid.PIN_1492906832782_c9 { \n  max-width: 2153px;\n  min-width: 560px;\n}\n .PIN_1492906832782_embed_grid.PIN_1492906832782_c9 .PIN_1492906832782_bd .PIN_1492906832782_ct .PIN_1492906832782_col { \n  width: 11.11%;\n}\n .PIN_1492906832782_embed_grid.PIN_1492906832782_c10 { \n  max-width: 2390px;\n  min-width: 620px;\n}\n .PIN_1492906832782_embed_grid.PIN_1492906832782_c10 .PIN_1492906832782_bd .PIN_1492906832782_ct .PIN_1492906832782_col { \n  width: 10%;\n}\n .PIN_1492906832782_embed_pin { \n  width: 100%;\n  min-width: 160px;\n  max-width: 236px;\n  display: inline-block;\n  box-sizing: border-box;\n  box-shadow: inset 0 0 1px #000;\n  border-radius: 5px;\n  overflow: hidden;\n  font: 12px \"Helvetica Neue\", Helvetica, arial, sans-serif;\n  color: #363636;\n  background: #fff;\n  cursor: pointer;\n  -webkit-font-smoothing: antialiased;\n}\n .PIN_1492906832782_embed_pin * { \n  display: block;\n  position: relative;\n  font: inherit;\n  cursor: inherit;\n  box-sizing: inherit;\n  margin: 0;\n  padding: 0;\n  text-align: left;\n}\n .PIN_1492906832782_embed_pin .PIN_1492906832782_bd { \n  border-bottom: 1px solid rgba(0, 0, 0, 0.09);\n}\n .PIN_1492906832782_embed_pin .PIN_1492906832782_bd .PIN_1492906832782_hd { \n  border-bottom: 1px solid rgba(0, 0, 0, 0.09);\n}\n .PIN_1492906832782_embed_pin .PIN_1492906832782_bd .PIN_1492906832782_hd .PIN_1492906832782_container { \n  width: 100%;\n}\n .PIN_1492906832782_embed_pin .PIN_1492906832782_bd .PIN_1492906832782_hd .PIN_1492906832782_container .PIN_1492906832782_img,  .PIN_1492906832782_embed_pin .PIN_1492906832782_bd .PIN_1492906832782_hd .PIN_1492906832782_container .PIN_1492906832782_iframe,  .PIN_1492906832782_embed_pin .PIN_1492906832782_bd .PIN_1492906832782_hd .PIN_1492906832782_container .PIN_1492906832782_video { \n  width: 100%;\n  height: 100%;\n  position: absolute;\n  left: 0;\n  background: transparent url() 0 0 no-repeat;\n  background-size: cover;\n  border: none;\n}\n .PIN_1492906832782_embed_pin .PIN_1492906832782_bd .PIN_1492906832782_hd .PIN_1492906832782_container .PIN_1492906832782_native { \n  height: 64px;\n  width: 64px;\n  background: transparent url(data:image/svg+xml;base64,PHN2ZyB4bWxucz0iaHR0cDovL3d3dy53My5vcmcvMjAwMC9zdmciIGhlaWdodD0iNjNweCIgd2lkdGg9IjYzcHgiIHZpZXdCb3g9IjAgMCA2NCA2NCI+PGc+PHBhdGggZD0iTSAzMiAzMiBtIC0zMiwgMCBhIDMxLCAzMSAwIDEsIDAgNjMsIDAgYSAzMSwgMzEgMCAxLDAgLTYzLCAwIHoiIGZpbGw9IiMwMDAiPjwvcGF0aD48cGF0aCBkPSJNIDI1IDE5IEwgNDggMzIgIEwgMjUgNDUgWiIgZmlsbD0iI2ZmZiI+PC9wYXRoPjwvZz48L3N2Zz4=) 0 0 no-repeat;\n  position: absolute;\n  top: 50%;\n  left: 50%;\n  margin-top: -32px;\n  margin-left: -32px;\n  opacity: .75;\n}\n .PIN_1492906832782_embed_pin .PIN_1492906832782_bd .PIN_1492906832782_hd .PIN_1492906832782_container .PIN_1492906832782_control { \n  width: 50px;\n  height: 24px;\n  position: absolute;\n  bottom: 12px;\n  left: 12px;\n  background: rgba(0, 0, 0, .4);\n  color: #fff;\n  box-shadow: 0 0 2px rgba(0, 0, 0, .2);\n  border: 2px solid rgba(255, 255, 255, .68);\n  border-radius: 13px;\n}\n .PIN_1492906832782_embed_pin .PIN_1492906832782_bd .PIN_1492906832782_hd .PIN_1492906832782_container .PIN_1492906832782_control.PIN_1492906832782_paused::after,  .PIN_1492906832782_embed_pin .PIN_1492906832782_bd .PIN_1492906832782_hd .PIN_1492906832782_container .PIN_1492906832782_control.PIN_1492906832782_playing::after { \n  position: absolute;\n  top: 0;\n  left: 0;\n  width: 100%;\n  height: 100%;\n  font-size: 10px;\n  line-height: 19px;\n  white-space: pre;\n  font-weight: bold;\n  font-style: normal;\n  text-align: center;\n}\n .PIN_1492906832782_embed_pin .PIN_1492906832782_bd .PIN_1492906832782_hd .PIN_1492906832782_container .PIN_1492906832782_control.PIN_1492906832782_paused::after { \n  content: \"▶ GIF\";\n}\n .PIN_1492906832782_embed_pin .PIN_1492906832782_bd .PIN_1492906832782_hd .PIN_1492906832782_container .PIN_1492906832782_control.PIN_1492906832782_playing::after { \n  content: \"❙ ❙ GIF\";\n}\n .PIN_1492906832782_embed_pin .PIN_1492906832782_bd .PIN_1492906832782_hd .PIN_1492906832782_repin { \n  position: absolute;\n  top: 10px;\n  left: 10px;\n  height: 28px;\n  width: auto;\n  color: #fff;\n  background: #bd081c url(data:image/svg+xml;base64,PHN2ZyB4bWxucz0iaHR0cDovL3d3dy53My5vcmcvMjAwMC9zdmciIGhlaWdodD0iMzBweCIgd2lkdGg9IjMwcHgiIHZpZXdCb3g9Ii0xIC0xIDMxIDMxIj48Zz48cGF0aCBkPSJNMjkuNDQ5LDE0LjY2MiBDMjkuNDQ5LDIyLjcyMiAyMi44NjgsMjkuMjU2IDE0Ljc1LDI5LjI1NiBDNi42MzIsMjkuMjU2IDAuMDUxLDIyLjcyMiAwLjA1MSwxNC42NjIgQzAuMDUxLDYuNjAxIDYuNjMyLDAuMDY3IDE0Ljc1LDAuMDY3IEMyMi44NjgsMC4wNjcgMjkuNDQ5LDYuNjAxIDI5LjQ0OSwxNC42NjIiIGZpbGw9IiNmZmYiIHN0cm9rZT0iI2ZmZiIgc3Ryb2tlLXdpZHRoPSIxIj48L3BhdGg+PHBhdGggZD0iTTE0LjczMywxLjY4NiBDNy41MTYsMS42ODYgMS42NjUsNy40OTUgMS42NjUsMTQuNjYyIEMxLjY2NSwyMC4xNTkgNS4xMDksMjQuODU0IDkuOTcsMjYuNzQ0IEM5Ljg1NiwyNS43MTggOS43NTMsMjQuMTQzIDEwLjAxNiwyMy4wMjIgQzEwLjI1MywyMi4wMSAxMS41NDgsMTYuNTcyIDExLjU0OCwxNi41NzIgQzExLjU0OCwxNi41NzIgMTEuMTU3LDE1Ljc5NSAxMS4xNTcsMTQuNjQ2IEMxMS4xNTcsMTIuODQyIDEyLjIxMSwxMS40OTUgMTMuNTIyLDExLjQ5NSBDMTQuNjM3LDExLjQ5NSAxNS4xNzUsMTIuMzI2IDE1LjE3NSwxMy4zMjMgQzE1LjE3NSwxNC40MzYgMTQuNDYyLDE2LjEgMTQuMDkzLDE3LjY0MyBDMTMuNzg1LDE4LjkzNSAxNC43NDUsMTkuOTg4IDE2LjAyOCwxOS45ODggQzE4LjM1MSwxOS45ODggMjAuMTM2LDE3LjU1NiAyMC4xMzYsMTQuMDQ2IEMyMC4xMzYsMTAuOTM5IDE3Ljg4OCw4Ljc2NyAxNC42NzgsOC43NjcgQzEwLjk1OSw4Ljc2NyA4Ljc3NywxMS41MzYgOC43NzcsMTQuMzk4IEM4Ljc3NywxNS41MTMgOS4yMSwxNi43MDkgOS43NDksMTcuMzU5IEM5Ljg1NiwxNy40ODggOS44NzIsMTcuNiA5Ljg0LDE3LjczMSBDOS43NDEsMTguMTQxIDkuNTIsMTkuMDIzIDkuNDc3LDE5LjIwMyBDOS40MiwxOS40NCA5LjI4OCwxOS40OTEgOS4wNCwxOS4zNzYgQzcuNDA4LDE4LjYyMiA2LjM4NywxNi4yNTIgNi4zODcsMTQuMzQ5IEM2LjM4NywxMC4yNTYgOS4zODMsNi40OTcgMTUuMDIyLDYuNDk3IEMxOS41NTUsNi40OTcgMjMuMDc4LDkuNzA1IDIzLjA3OCwxMy45OTEgQzIzLjA3OCwxOC40NjMgMjAuMjM5LDIyLjA2MiAxNi4yOTcsMjIuMDYyIEMxNC45NzMsMjIuMDYyIDEzLjcyOCwyMS4zNzkgMTMuMzAyLDIwLjU3MiBDMTMuMzAyLDIwLjU3MiAxMi42NDcsMjMuMDUgMTIuNDg4LDIzLjY1NyBDMTIuMTkzLDI0Ljc4NCAxMS4zOTYsMjYuMTk2IDEwLjg2MywyNy4wNTggQzEyLjA4NiwyNy40MzQgMTMuMzg2LDI3LjYzNyAxNC43MzMsMjcuNjM3IEMyMS45NSwyNy42MzcgMjcuODAxLDIxLjgyOCAyNy44MDEsMTQuNjYyIEMyNy44MDEsNy40OTUgMjEuOTUsMS42ODYgMTQuNzMzLDEuNjg2IiBmaWxsPSIjYmQwODFjIj48L3BhdGg+PC9nPjwvc3ZnPg==) 5px 50% no-repeat;\n  background-size: 18px 18px;\n  text-indent: 28px;\n  font: 14px/28px \"Helvetica Neue\", Helvetica, Arial, \"sans-serif\";\n  font-weight: bold;\n  border-radius: 4px;\n  padding: 0 6px 0 0;\n}\n .PIN_1492906832782_embed_pin .PIN_1492906832782_bd .PIN_1492906832782_hd .PIN_1492906832782_repin:hover { \n  background-color: #aa0719;\n  box-shadow: none;\n}\n .PIN_1492906832782_embed_pin .PIN_1492906832782_bd .PIN_1492906832782_source { \n  height: 38px;\n  border-bottom: 1px solid rgba(0, 0, 0, 0.09);\n}\n .PIN_1492906832782_embed_pin .PIN_1492906832782_bd .PIN_1492906832782_source .PIN_1492906832782_img { \n  position: absolute;\n  top: 50%;\n  margin-top: -8px;\n  left: 10px;\n  height: 16px;\n  width: 16px;\n  background: transparent url() 0 0 no-repeat;\n  background-size: 16px 16px;\n}\n .PIN_1492906832782_embed_pin .PIN_1492906832782_bd .PIN_1492906832782_source .PIN_1492906832782_domain { \n  line-height: 38px;\n  max-width: 75%;\n  white-space: nowrap;\n  overflow: hidden;\n  text-overflow: ellipsis;\n  font-weight: bold;\n  color: #b9b9b9;\n  position: absolute;\n  top: 0px;\n  left: 35px;\n}\n .PIN_1492906832782_embed_pin .PIN_1492906832782_bd .PIN_1492906832782_source.PIN_1492906832782_nofav .PIN_1492906832782_img { \n  display: none;\n}\n .PIN_1492906832782_embed_pin .PIN_1492906832782_bd .PIN_1492906832782_source.PIN_1492906832782_nofav .PIN_1492906832782_domain { \n  max-width: 85%;\n  left: 10px;\n}\n .PIN_1492906832782_embed_pin .PIN_1492906832782_bd .PIN_1492906832782_source .PIN_1492906832782_menu { \n  height: inherit;\n}\n .PIN_1492906832782_embed_pin .PIN_1492906832782_bd .PIN_1492906832782_source .PIN_1492906832782_menu .PIN_1492906832782_toggle { \n  position: absolute;\n  top: 0;\n  right: 5px;\n  height: inherit;\n  width: 30px;\n  border-bottom: 1px solid rgba(0, 0, 0, 0.09);\n  background: #fff url(data:image/svg+xml;base64,PHN2ZyB4bWxucz0iaHR0cDovL3d3dy53My5vcmcvMjAwMC9zdmciIGhlaWdodD0iNXB4IiB3aWR0aD0iMjBweCIgdmlld0JveD0iMCAwIDIwIDUiPjxnPjxwYXRoIGQ9Ik0xNy41LDUgQzE4Ljg4MSw1IDIwLDMuODgxIDIwLDIuNSBDMjAsMS4xMTkgMTguODgxLDAgMTcuNSwwIEMxNi4xMTksMCAxNSwxLjExOSAxNSwyLjUgQzE1LDMuODgxIDE2LjExOSw1IDE3LjUsNSBaIE0xMCw1IEMxMS4zOCw1IDEyLjUsMy44ODEgMTIuNSwyLjUgQzEyLjUsMS4xMTkgMTEuMzgsMCAxMCwwIEM4LjYyLDAgNy41LDEuMTE5IDcuNSwyLjUgQzcuNSwzLjg4MSA4LjYyLDUgMTAsNSBNMi41LDUgQzMuODgxLDUgNSwzLjg4MSA1LDIuNSBDNSwxLjExOSAzLjg4MSwwIDIuNSwwIEMxLjEyLDAgMCwxLjExOSAwLDIuNSBDMCwzLjg4MSAxLjEyIDUsMi41LDUgWiIgZmlsbD0iI2I1YjViNSI+PC9wYXRoPjwvZz48L3N2Zz4=) 50% 50% no-repeat;\n  background-size: fill;\n}\n .PIN_1492906832782_embed_pin .PIN_1492906832782_bd .PIN_1492906832782_source .PIN_1492906832782_menu .PIN_1492906832782_dropdown { \n  display: none;\n  border-radius: 5px;\n  box-shadow: 0 1px 3px rgba(0, 0, 0, .33);\n  font-weight: bold;\n  font-size: 12px;\n  background: #fff;\n  text-align: left;\n  padding: 10px;\n  position: absolute;\n  max-width: 195px;\n  right: 10px;\n  top: 39px;\n  z-index: 1;\n}\n .PIN_1492906832782_embed_pin .PIN_1492906832782_bd .PIN_1492906832782_source .PIN_1492906832782_menu .PIN_1492906832782_dropdown::after { \n  content: \"\";\n  position: absolute;\n  top: -6px;\n  right: 1px;\n  border-bottom: 8px solid #fff;\n  border-right: 8px solid transparent;\n  border-left: 8px solid transparent;\n}\n .PIN_1492906832782_embed_pin .PIN_1492906832782_bd .PIN_1492906832782_source .PIN_1492906832782_menu .PIN_1492906832782_dropdown::before { \n  content: \"\";\n  position: absolute;\n  top: -7px;\n  right: 2px;\n  border-bottom: 7px solid #e2e2e2;\n  border-right: 7px solid transparent;\n  border-left: 7px solid transparent;\n}\n .PIN_1492906832782_embed_pin .PIN_1492906832782_bd .PIN_1492906832782_description { \n  font-size: 14px;\n  line-height: 17px;\n  margin: 8px 12px;\n}\n .PIN_1492906832782_embed_pin .PIN_1492906832782_bd .PIN_1492906832782_attribution { \n  height: 22px;\n  margin-top: 5px;\n}\n .PIN_1492906832782_embed_pin .PIN_1492906832782_bd .PIN_1492906832782_attribution .PIN_1492906832782_img { \n  position: absolute;\n  top: 50%;\n  margin-top: -8px;\n  left: 10px;\n  height: 16px;\n  width: 16px;\n  background: transparent url() 0 0 no-repeat;\n  background-size: 16px 16px;\n}\n .PIN_1492906832782_embed_pin .PIN_1492906832782_bd .PIN_1492906832782_attribution .PIN_1492906832782_by { \n  line-height: 22px;\n  max-width: 75%;\n  white-space: nowrap;\n  overflow: hidden;\n  text-overflow: ellipsis;\n  font-size: 11px;\n  font-weight: bold;\n  color: #b9b9b9;\n  position: absolute;\n  top: 0px;\n  left: 35px;\n}\n .PIN_1492906832782_embed_pin .PIN_1492906832782_bd .PIN_1492906832782_stats { \n  height: 24px;\n  line-height: 24px;\n  margin: 0 0 0 10px;\n}\n .PIN_1492906832782_embed_pin .PIN_1492906832782_bd .PIN_1492906832782_stats .PIN_1492906832782_repins,  .PIN_1492906832782_embed_pin .PIN_1492906832782_bd .PIN_1492906832782_stats .PIN_1492906832782_likes { \n  padding-left: 17px;\n  padding-right: 10px;\n  color: #a8a8a8;\n  font-size: 11px;\n  font-weight: bold;\n  display: inline-block;\n}\n .PIN_1492906832782_embed_pin .PIN_1492906832782_bd .PIN_1492906832782_stats .PIN_1492906832782_repins { \n  background: transparent url(data:image/svg+xml;base64,PHN2ZyB4bWxucz0iaHR0cDovL3d3dy53My5vcmcvMjAwMC9zdmciIGhlaWdodD0iMTRweCIgd2lkdGg9IjE0cHgiIHZpZXdCb3g9IjAgMCAxNCAxNCI+PGc+PHBhdGggZD0iTTExLjk3OSw2Ljg1OSBMMTMuOTksNS4wMTEgTDExLjI0MSw1LjAxMSBMMTAuNDg2LDAgTDkuNzM5LDUuMDExIEw3LDUuMDExIEw4Ljk4Niw2Ljg1OCBMOC45ODYsMTEuMDE3IEM4LjUwNSwxMC45ODUgOC4xNDMsMTEuMDEyIDguMTQzLDExLjIxMyBDOC4xNDMsMTEuNjg3IDguNTAzLDEyLjAwMSA4Ljk4NiwxMi4wMDEgTDExLjk4MiwxMiBDMTIuNDY1LDEyIDEyLjg4OCwxMS42ODYgMTIuODg4LDExLjIxMyBDMTIuODg4LDExLjAxMSAxMi40NjUsMTAuOTg1IDExLjk4MiwxMS4wMTcgTDExLjk3OSw2Ljg1OSBaIE00Ljk3OSw3LjE0MiBMNi45OSw4Ljk5IEw0LjI0MSw4Ljk5IEwzLjQ4NiwxNC4wMDEgTDIuNzM5LDguOTkgTDAsOC45OSBMMS45ODYsNy4xNDMgTDEuOTg2LDIuOTg0IEMxLjUwNSwzLjAxNiAxLjE0MywyLjk4OSAxLjE0MywyLjc4OCBDMS4xNDMsMi4zMTUgMS41MDMsMiAxLjk4NiwyIEw0Ljk4MiwyLjAwMSBDNS40NjUsMi4wMDEgNS44ODgsMi4zMTUgNS44ODgsMi43ODkgQzUuODg4LDIuOTkgNS40NjUsMy4wMTcgNC45ODIsMi45ODQgTDQuOTc5LDcuMTQyIFoiIGZpbGw9IiNiNWI1YjUiPjwvcGF0aD48L2c+PC9zdmc+) 0 50% no-repeat;\n}\n .PIN_1492906832782_embed_pin .PIN_1492906832782_bd .PIN_1492906832782_stats .PIN_1492906832782_likes { \n  background: transparent url(data:image/svg+xml;base64,PHN2ZyB4bWxucz0iaHR0cDovL3d3dy53My5vcmcvMjAwMC9zdmciIGhlaWdodD0iMTNweCIgd2lkdGg9IjE1cHgiIHZpZXdCb3g9IjAgMCAxNSAxMyI+PGc+PHBhdGggZD0iTTcuMzY5LDEyLjQzNyBMMS40NDEsNi40MSBDMC4yMTcsNS4xNjUgMCwzLjE1NiAxLjA2OCwxLjc3IEMyLjM0OCwwLjEwOCA0LjcyLDAgNi4xNDIsMS40NDYgTDcuMzY5LDIuNjk0IEw4LjUwNiwxLjUzOSBDOS43MywwLjI5MyAxMS43MDYsMC4wNzMgMTMuMDcsMS4xNTkgQzE0LjcwNSwyLjQ2MSAxNC44MTEsNC44NzIgMTMuMzg4LDYuMzE4IEw3LjM2OSwxMi40MzcgWiIgZmlsbD0iI2I1YjViNSI+PC9wYXRoPjwvZz48L3N2Zz4=) 0 51% no-repeat;\n}\n .PIN_1492906832782_embed_pin .PIN_1492906832782_ft { \n  height: 50px;\n  margin-right: 10px;\n  overflow: hidden;\n}\n .PIN_1492906832782_embed_pin .PIN_1492906832782_ft:after { \n  content: '-------------------------------------------------------------------------------------';\n  display: block;\n  height: 1px;\n  line-height: 1px;\n  color: #fff;\n}\n .PIN_1492906832782_embed_pin .PIN_1492906832782_ft .PIN_1492906832782_img { \n  position: absolute;\n  left: 10px;\n  top: 10px;\n  height: 30px;\n  width: 30px;\n  border-radius: 30px;\n  background: transparent url() 0 0 no-repeat;\n  background-size: 30px 30px;\n}\n .PIN_1492906832782_embed_pin .PIN_1492906832782_ft .PIN_1492906832782_pinner,  .PIN_1492906832782_embed_pin .PIN_1492906832782_ft  .PIN_1492906832782_board { \n  position: absolute;\n  left: 50px;\n  white-space: nowrap;\n  overflow: hidden;\n  text-overflow: ellipsis;\n  width: 75%;\n}\n .PIN_1492906832782_embed_pin .PIN_1492906832782_ft .PIN_1492906832782_pinner { \n  font-weight: bold;\n  top: 10px;\n}\n .PIN_1492906832782_embed_pin .PIN_1492906832782_ft .PIN_1492906832782_board { \n  bottom: 10px;\n}\n .PIN_1492906832782_embed_pin.PIN_1492906832782_ja .PIN_1492906832782_bd .PIN_1492906832782_hd .PIN_1492906832782_repin { \n  background-image: url(data:image/svg+xml;base64,PHN2ZyB4bWxucz0iaHR0cDovL3d3dy53My5vcmcvMjAwMC9zdmciIGhlaWdodD0iMThweCIgd2lkdGg9IjQxcHgiIHZpZXdCb3g9IjAgMCA0MSAxOCI+PGc+PHBhdGggZD0iTTE5LjgyMiw3LjE3MyBDMTkuODIyLDYuNTEgMTkuODM1LDYuMjc2IDE5Ljg4Nyw1Ljk2NCBMMTguMTQ1LDUuOTY0IEMxOC4xOTcsNi4yODkgMTguMTk3LDYuNDk3IDE4LjE5Nyw3LjE2IEwxOC4yMSwxMy4xOTIgQzE4LjIxLDEzLjk0NiAxOC4yMjMsMTQuMTY3IDE4LjI0OSwxNC4zODggQzE4LjMyNywxNS4wMjUgMTguNTIyLDE1LjQ0MSAxOC44ODYsMTUuNzE0IEMxOS4zOTMsMTYuMTA0IDIwLjI5LDE2LjI3MyAyMS45MjgsMTYuMjczIEMyMi43MjEsMTYuMjczIDI0LjM1OSwxNi4xOTUgMjUuMTI2LDE2LjExNyBDMjYuNTA0LDE1Ljk4NyAyNi41NjksMTUuOTc0IDI2Ljg0MiwxNS45NzQgTDI2Ljc2NCwxNC4yNDUgQzI2LjE5MiwxNC40MTQgMjUuOTA2LDE0LjQ3OSAyNS4yODIsMTQuNTU3IEMyNC4zMzMsMTQuNjg3IDIzLjEzNywxNC43NjUgMjIuMjY2LDE0Ljc2NSBDMjEuMDA1LDE0Ljc2NSAyMC4yNjQsMTQuNjQ4IDIwLjA0MywxNC40MjcgQzE5Ljg2MSwxNC4yNDUgMTkuODA5LDEzLjk1OSAxOS44MDksMTMuMjMxIEMxOS44MDksMTMuMTc5IDE5LjgwOSwxMy4xMDEgMTkuODIyLDEzLjAyMyBMMTkuODIyLDExLjMwNyBDMjEuOTkzLDEwLjkwNCAyNC4wMDgsMTAuMjI4IDI1LjkzMiw5LjI0IEwyNi4yNyw5LjA3MSBDMjYuMzc0LDkuMDE5IDI2LjQsOS4wMDYgMjYuNTQzLDguOTU0IEwyNS41MDMsNy40ODUgQzI0LjY1OCw4LjI3OCAyMS43ODUsOS40MzUgMTkuODIyLDkuNzk5IEwxOS44MjIsNy4xNzMgWiBNMjcuMzEsNC44NzIgQzI2LjQ5MSw0Ljg3MiAyNS44MTUsNS41NDggMjUuODE1LDYuMzY3IEMyNS44MTUsNy4xOTkgMjYuNDkxLDcuODc1IDI3LjMxLDcuODc1IEMyOC4xNDIsNy44NzUgMjguODE4LDcuMTk5IDI4LjgxOCw2LjM2NyBDMjguODE4LDUuNTQ4IDI4LjE0Miw0Ljg3MiAyNy4zMSw0Ljg3MiBMMjcuMzEsNC44NzIgWiBNMjcuMzEsNS41MjIgQzI3Ljc5MSw1LjUyMiAyOC4xNjgsNS44OTkgMjguMTY4LDYuMzY3IEMyOC4xNjgsNi44MzUgMjcuNzkxLDcuMjI1IDI3LjMxLDcuMjI1IEMyNi44NDIsNy4yMjUgMjYuNDY1LDYuODM1IDI2LjQ2NSw2LjM2NyBDMjYuNDY1LDUuODk5IDI2Ljg0Miw1LjUyMiAyNy4zMSw1LjUyMiBMMjcuMzEsNS41MjIgWiBNMzAuNTg2LDcuNjU0IEMzMS43OTUsOC4zMyAzMi44NjEsOS4xODggMzMuOTAxLDEwLjI5MyBMMzUuMDE5LDguODc2IEMzNC4wMTgsNy45MjcgMzMuMjEyLDcuMzI5IDMxLjY2NSw2LjM2NyBMMzAuNTg2LDcuNjU0IFogTTMxLjA0MSwxNi4yMzQgQzMxLjM0LDE2LjEzIDMxLjM3OSwxNi4xMTcgMzEuODk5LDE2LjAxMyBDMzMuOTE0LDE1LjU4NCAzNS41MjYsMTQuOTQ3IDM2Ljg1MiwxNC4wNjMgQzM4LjYzMywxMi44OCAzOS44NjgsMTEuMzQ2IDQwLjk3Myw4Ljk2NyBDNDAuMzEsOC40OTkgNDAuMTAyLDguMzA0IDM5LjU5NSw3LjY5MyBDMzkuMjA1LDguNzQ2IDM4Ljg0MSw5LjQ2MSAzOC4yNjksMTAuMjkzIEMzNy4yNDIsMTEuNzc1IDM2LjAzMywxMi43NzYgMzQuNDA4LDEzLjQ3OCBDMzMuMjI1LDEzLjk5OCAzMS42NzgsMTQuMzc1IDMwLjU2LDE0LjQ0IEwzMS4wNDEsMTYuMjM0IFogTTcuNDU4LDAgQzIuNSwwIDAsMy41MjIgMCw2LjQ1OSBDMCw4LjIzNyAwLjY4LDkuODE5IDIuMTM3LDEwLjQwOSBDMi4zNzYsMTAuNTA1IDIuNTksMTAuNDEyIDIuNjYsMTAuMTUgQzIuNzA4LDkuOTY5IDIuODIyLDkuNTExIDIuODczLDkuMzIgQzIuOTQzLDkuMDYxIDIuOTE2LDguOTcgMi43MjMsOC43NDQgQzIuMzAyLDguMjUzIDIuMDM0LDcuNjE3IDIuMDM0LDYuNzE2IEMyLjAzNCw0LjEwNCA0LjAwNywxLjc2NSA3LjE3MiwxLjc2NSBDOS45NzUsMS43NjUgMTEuNTE0LDMuNDYxIDExLjUxNCw1LjcyNiBDMTEuNTE0LDguNzA4IDEwLjE4MywxMS4xOCA4LjIwNiwxMS4xOCBDNy4xMTQsMTEuMTggNi4yOTcsMTAuMzI5IDYuNTU5LDkuMjMzIEM2Ljg3Miw3LjkyMiA3LjQ4LDYuNTA5IDcuNDgsNS41NjQgQzcuNDgsNC43MTcgNy4wMjIsNC4wMTEgNi4wNzIsNC4wMTEgQzQuOTU2LDQuMDExIDQuMDYsNS4xNTUgNC4wNiw2LjY4NyBDNC4wNiw3LjY2MyA0LjM5Myw4LjMyMyA0LjM5Myw4LjMyMyBDNC4zOTMsOC4zMjMgMy4yNTEsMTMuMTE3IDMuMDUxLDEzLjk1NyBDMi42NTIsMTUuNjI5IDIuOTkxLDE3LjY3OSAzLjAxOSwxNy44ODYgQzMuMDM2LDE4LjAwOSAzLjE5NSwxOC4wMzggMy4yNjcsMTcuOTQ2IEMzLjM3LDE3LjgxMiA0LjcsMTYuMTg3IDUuMTUxLDE0LjU2MiBDNS4yNzksMTQuMTAyIDUuODg1LDExLjcyIDUuODg1LDExLjcyIEM2LjI0OCwxMi40MDYgNy4zMDgsMTMuMDA5IDguNDM1LDEzLjAwOSBDMTEuNzksMTMuMDA5IDE0LjA2Niw5Ljk3OSAxNC4wNjYsNS45MjMgQzE0LjA2NiwyLjg1NyAxMS40NDQsMCA3LjQ1OCwwIFoiIGZpbGw9IiNmZmYiPjwvcGF0aD48L2c+PC9zdmc+);\n}\n .PIN_1492906832782_embed_pin.PIN_1492906832782_ja .PIN_1492906832782_bd .PIN_1492906832782_hd .PIN_1492906832782_repin.PIN_1492906832782_save { \n  background: #bd081c url(data:image/svg+xml;base64,PHN2ZyB4bWxucz0iaHR0cDovL3d3dy53My5vcmcvMjAwMC9zdmciIGhlaWdodD0iMzBweCIgd2lkdGg9IjMwcHgiIHZpZXdCb3g9Ii0xIC0xIDMxIDMxIj48Zz48cGF0aCBkPSJNMjkuNDQ5LDE0LjY2MiBDMjkuNDQ5LDIyLjcyMiAyMi44NjgsMjkuMjU2IDE0Ljc1LDI5LjI1NiBDNi42MzIsMjkuMjU2IDAuMDUxLDIyLjcyMiAwLjA1MSwxNC42NjIgQzAuMDUxLDYuNjAxIDYuNjMyLDAuMDY3IDE0Ljc1LDAuMDY3IEMyMi44NjgsMC4wNjcgMjkuNDQ5LDYuNjAxIDI5LjQ0OSwxNC42NjIiIGZpbGw9IiNmZmYiIHN0cm9rZT0iI2ZmZiIgc3Ryb2tlLXdpZHRoPSIxIj48L3BhdGg+PHBhdGggZD0iTTE0LjczMywxLjY4NiBDNy41MTYsMS42ODYgMS42NjUsNy40OTUgMS42NjUsMTQuNjYyIEMxLjY2NSwyMC4xNTkgNS4xMDksMjQuODU0IDkuOTcsMjYuNzQ0IEM5Ljg1NiwyNS43MTggOS43NTMsMjQuMTQzIDEwLjAxNiwyMy4wMjIgQzEwLjI1MywyMi4wMSAxMS41NDgsMTYuNTcyIDExLjU0OCwxNi41NzIgQzExLjU0OCwxNi41NzIgMTEuMTU3LDE1Ljc5NSAxMS4xNTcsMTQuNjQ2IEMxMS4xNTcsMTIuODQyIDEyLjIxMSwxMS40OTUgMTMuNTIyLDExLjQ5NSBDMTQuNjM3LDExLjQ5NSAxNS4xNzUsMTIuMzI2IDE1LjE3NSwxMy4zMjMgQzE1LjE3NSwxNC40MzYgMTQuNDYyLDE2LjEgMTQuMDkzLDE3LjY0MyBDMTMuNzg1LDE4LjkzNSAxNC43NDUsMTkuOTg4IDE2LjAyOCwxOS45ODggQzE4LjM1MSwxOS45ODggMjAuMTM2LDE3LjU1NiAyMC4xMzYsMTQuMDQ2IEMyMC4xMzYsMTAuOTM5IDE3Ljg4OCw4Ljc2NyAxNC42NzgsOC43NjcgQzEwLjk1OSw4Ljc2NyA4Ljc3NywxMS41MzYgOC43NzcsMTQuMzk4IEM4Ljc3NywxNS41MTMgOS4yMSwxNi43MDkgOS43NDksMTcuMzU5IEM5Ljg1NiwxNy40ODggOS44NzIsMTcuNiA5Ljg0LDE3LjczMSBDOS43NDEsMTguMTQxIDkuNTIsMTkuMDIzIDkuNDc3LDE5LjIwMyBDOS40MiwxOS40NCA5LjI4OCwxOS40OTEgOS4wNCwxOS4zNzYgQzcuNDA4LDE4LjYyMiA2LjM4NywxNi4yNTIgNi4zODcsMTQuMzQ5IEM2LjM4NywxMC4yNTYgOS4zODMsNi40OTcgMTUuMDIyLDYuNDk3IEMxOS41NTUsNi40OTcgMjMuMDc4LDkuNzA1IDIzLjA3OCwxMy45OTEgQzIzLjA3OCwxOC40NjMgMjAuMjM5LDIyLjA2MiAxNi4yOTcsMjIuMDYyIEMxNC45NzMsMjIuMDYyIDEzLjcyOCwyMS4zNzkgMTMuMzAyLDIwLjU3MiBDMTMuMzAyLDIwLjU3MiAxMi42NDcsMjMuMDUgMTIuNDg4LDIzLjY1NyBDMTIuMTkzLDI0Ljc4NCAxMS4zOTYsMjYuMTk2IDEwLjg2MywyNy4wNTggQzEyLjA4NiwyNy40MzQgMTMuMzg2LDI3LjYzNyAxNC43MzMsMjcuNjM3IEMyMS45NSwyNy42MzcgMjcuODAxLDIxLjgyOCAyNy44MDEsMTQuNjYyIEMyNy44MDEsNy40OTUgMjEuOTUsMS42ODYgMTQuNzMzLDEuNjg2IiBmaWxsPSIjYmQwODFjIj48L3BhdGg+PC9nPjwvc3ZnPg==) 5px 50% no-repeat;\n  background-size: 16px 16px;\n}\n .PIN_1492906832782_embed_pin.PIN_1492906832782_medium { \n  min-width: 237px;\n  max-width: 345px;\n}\n .PIN_1492906832782_embed_pin.PIN_1492906832782_large { \n  min-width: 345px;\n  max-width: 600px;\n  padding: 30px 34px 10px;\n  font-size: 14px;\n}\n .PIN_1492906832782_embed_pin.PIN_1492906832782_large .PIN_1492906832782_bd { \n  border-bottom: none;\n}\n .PIN_1492906832782_embed_pin.PIN_1492906832782_large .PIN_1492906832782_bd .PIN_1492906832782_hd { \n  padding-top: 50px;\n  border-bottom: none;\n}\n .PIN_1492906832782_embed_pin.PIN_1492906832782_large .PIN_1492906832782_bd .PIN_1492906832782_hd .PIN_1492906832782_container .PIN_1492906832782_img,  .PIN_1492906832782_embed_pin.PIN_1492906832782_large .PIN_1492906832782_bd .PIN_1492906832782_hd .PIN_1492906832782_container .PIN_1492906832782_video { \n  border-radius: 8px;\n}\n .PIN_1492906832782_embed_pin.PIN_1492906832782_large .PIN_1492906832782_bd .PIN_1492906832782_hd .PIN_1492906832782_repin { \n  top: 0px;\n  left: 0px;\n}\n .PIN_1492906832782_embed_pin.PIN_1492906832782_large .PIN_1492906832782_bd .PIN_1492906832782_source { \n  height: 50px;\n}\n .PIN_1492906832782_embed_pin.PIN_1492906832782_large .PIN_1492906832782_bd .PIN_1492906832782_source .PIN_1492906832782_domain { \n  line-height: 50px;\n}\n .PIN_1492906832782_embed_pin.PIN_1492906832782_large .PIN_1492906832782_bd .PIN_1492906832782_stats { \n  position: absolute;\n  top: 0;\n  right: 0;\n  text-align: right;\n}\n .PIN_1492906832782_embed_pin.PIN_1492906832782_large .PIN_1492906832782_bd .PIN_1492906832782_description { \n  font-size: 16px;\n  line-height: 20px;\n}\n .PIN_1492906832782_embed_pin.PIN_1492906832782_large .PIN_1492906832782_bd .PIN_1492906832782_menu { \n  height: inherit;\n}\n .PIN_1492906832782_embed_pin.PIN_1492906832782_large .PIN_1492906832782_bd .PIN_1492906832782_menu .PIN_1492906832782_dropdown { \n  top: 50px;\n  font-size: 14px;\n  padding: 10px;\n}\n .PIN_1492906832782_embed_pin.PIN_1492906832782_large .PIN_1492906832782_ft { \n  height: 60px;\n  font-size: 16px;\n}\n .PIN_1492906832782_embed_pin.PIN_1492906832782_large .PIN_1492906832782_ft .PIN_1492906832782_board,  .PIN_1492906832782_embed_pin.PIN_1492906832782_large .PIN_1492906832782_ft .PIN_1492906832782_pinner { \n  left: 60px;\n}\n .PIN_1492906832782_embed_pin.PIN_1492906832782_large .PIN_1492906832782_ft .PIN_1492906832782_img { \n  height: 40px;\n  width: 40px;\n  background-size: 40px 40px;\n  border-radius: 20px;\n}\n .PIN_1492906832782_button_follow { \n  display: inline-block;\n  color: #363636;\n  box-sizing: border-box;\n  box-shadow: inset 0 0 1px #888;\n  border-radius: 3px;\n  font: 11px \"Helvetica Neue\", Helvetica, arial, sans-serif;\n  font-weight: bold;\n  cursor: pointer;\n  -webkit-font-smoothing: antialiased;\n  height: 20px;\n  line-height: 20px;\n  padding: 0 4px 0 20px;\n  background-color: #efefef;\n  position: relative;\n  white-space: nowrap;\n  vertical-align: baseline;\n}\n .PIN_1492906832782_button_follow:hover { \n  box-shadow: inset 0 0 1px #000;\n}\n .PIN_1492906832782_button_follow::after { \n  content: \"\";\n  position: absolute;\n  height: 14px;\n  width: 14px;\n  top: 3px;\n  left: 3px;\n  background: transparent url(data:image/svg+xml;base64,PHN2ZyB4bWxucz0iaHR0cDovL3d3dy53My5vcmcvMjAwMC9zdmciIGhlaWdodD0iMzBweCIgd2lkdGg9IjMwcHgiIHZpZXdCb3g9Ii0xIC0xIDMxIDMxIj48Zz48cGF0aCBkPSJNMjkuNDQ5LDE0LjY2MiBDMjkuNDQ5LDIyLjcyMiAyMi44NjgsMjkuMjU2IDE0Ljc1LDI5LjI1NiBDNi42MzIsMjkuMjU2IDAuMDUxLDIyLjcyMiAwLjA1MSwxNC42NjIgQzAuMDUxLDYuNjAxIDYuNjMyLDAuMDY3IDE0Ljc1LDAuMDY3IEMyMi44NjgsMC4wNjcgMjkuNDQ5LDYuNjAxIDI5LjQ0OSwxNC42NjIiIGZpbGw9IiNmZmYiIHN0cm9rZT0iI2ZmZiIgc3Ryb2tlLXdpZHRoPSIxIj48L3BhdGg+PHBhdGggZD0iTTE0LjczMywxLjY4NiBDNy41MTYsMS42ODYgMS42NjUsNy40OTUgMS42NjUsMTQuNjYyIEMxLjY2NSwyMC4xNTkgNS4xMDksMjQuODU0IDkuOTcsMjYuNzQ0IEM5Ljg1NiwyNS43MTggOS43NTMsMjQuMTQzIDEwLjAxNiwyMy4wMjIgQzEwLjI1MywyMi4wMSAxMS41NDgsMTYuNTcyIDExLjU0OCwxNi41NzIgQzExLjU0OCwxNi41NzIgMTEuMTU3LDE1Ljc5NSAxMS4xNTcsMTQuNjQ2IEMxMS4xNTcsMTIuODQyIDEyLjIxMSwxMS40OTUgMTMuNTIyLDExLjQ5NSBDMTQuNjM3LDExLjQ5NSAxNS4xNzUsMTIuMzI2IDE1LjE3NSwxMy4zMjMgQzE1LjE3NSwxNC40MzYgMTQuNDYyLDE2LjEgMTQuMDkzLDE3LjY0MyBDMTMuNzg1LDE4LjkzNSAxNC43NDUsMTkuOTg4IDE2LjAyOCwxOS45ODggQzE4LjM1MSwxOS45ODggMjAuMTM2LDE3LjU1NiAyMC4xMzYsMTQuMDQ2IEMyMC4xMzYsMTAuOTM5IDE3Ljg4OCw4Ljc2NyAxNC42NzgsOC43NjcgQzEwLjk1OSw4Ljc2NyA4Ljc3NywxMS41MzYgOC43NzcsMTQuMzk4IEM4Ljc3NywxNS41MTMgOS4yMSwxNi43MDkgOS43NDksMTcuMzU5IEM5Ljg1NiwxNy40ODggOS44NzIsMTcuNiA5Ljg0LDE3LjczMSBDOS43NDEsMTguMTQxIDkuNTIsMTkuMDIzIDkuNDc3LDE5LjIwMyBDOS40MiwxOS40NCA5LjI4OCwxOS40OTEgOS4wNCwxOS4zNzYgQzcuNDA4LDE4LjYyMiA2LjM4NywxNi4yNTIgNi4zODcsMTQuMzQ5IEM2LjM4NywxMC4yNTYgOS4zODMsNi40OTcgMTUuMDIyLDYuNDk3IEMxOS41NTUsNi40OTcgMjMuMDc4LDkuNzA1IDIzLjA3OCwxMy45OTEgQzIzLjA3OCwxOC40NjMgMjAuMjM5LDIyLjA2MiAxNi4yOTcsMjIuMDYyIEMxNC45NzMsMjIuMDYyIDEzLjcyOCwyMS4zNzkgMTMuMzAyLDIwLjU3MiBDMTMuMzAyLDIwLjU3MiAxMi42NDcsMjMuMDUgMTIuNDg4LDIzLjY1NyBDMTIuMTkzLDI0Ljc4NCAxMS4zOTYsMjYuMTk2IDEwLjg2MywyNy4wNTggQzEyLjA4NiwyNy40MzQgMTMuMzg2LDI3LjYzNyAxNC43MzMsMjcuNjM3IEMyMS45NSwyNy42MzcgMjcuODAxLDIxLjgyOCAyNy44MDEsMTQuNjYyIEMyNy44MDEsNy40OTUgMjEuOTUsMS42ODYgMTQuNzMzLDEuNjg2IiBmaWxsPSIjYmQwODFjIj48L3BhdGg+PC9nPjwvc3ZnPg==) 0 0 no-repeat;\n  background-size: 14px 14px;\n}\n .PIN_1492906832782_button_follow.PIN_1492906832782_tall { \n  height: 26px;\n  line-height: 26px;\n  font-size: 13px;\n  padding: 0 6px 0 25px;\n  border-radius: 3px;\n}\n .PIN_1492906832782_button_follow.PIN_1492906832782_tall::after { \n  height: 18px;\n  width: 18px;\n  top: 4px;\n  left: 4px;\n  background-size: 18px 18px;\n}\n .PIN_1492906832782_button_pin { \n  cursor: pointer;\n  display: inline-block;\n  box-sizing: border-box;\n  box-shadow: inset 0 0 1px #888;\n  border-radius: 3px;\n  height: 20px;\n  width: 40px;\n  -webkit-font-smoothing: antialiased;\n  background: #efefef url(data:image/svg+xml;base64,PHN2ZyB4bWxucz0iaHR0cDovL3d3dy53My5vcmcvMjAwMC9zdmciIGhlaWdodD0iMThweCIgd2lkdGg9IjQycHgiIHZpZXdCb3g9IjAgMCA0MiAxOCI+PGc+PHBhdGggZD0iTTE2Ljg1Myw2LjM0NSBDMTcuNjMyLDYuMzQ1IDE4LjM4LDUuNzAyIDE4LjUxLDQuOTA5IEMxOC42NjQsNC4xMzggMTguMTM1LDMuNDk0IDE3LjM1NywzLjQ5NCBDMTYuNTc4LDMuNDk0IDE1LjgzLDQuMTM4IDE1LjY5OCw0LjkwOSBDMTUuNTQ2LDUuNzAyIDE2LjA1Myw2LjM0NSAxNi44NTMsNi4zNDUgWiBNNy40NTgsMCBDMi41LDAgMCwzLjUyMiAwLDYuNDU5IEMwLDguMjM3IDAuNjgsOS44MTkgMi4xMzcsMTAuNDA5IEMyLjM3NiwxMC41MDUgMi41OSwxMC40MTIgMi42NiwxMC4xNSBDMi43MDgsOS45NjkgMi44MjIsOS41MTEgMi44NzMsOS4zMiBDMi45NDMsOS4wNjEgMi45MTYsOC45NyAyLjcyMyw4Ljc0NCBDMi4zMDIsOC4yNTMgMi4wMzQsNy42MTcgMi4wMzQsNi43MTYgQzIuMDM0LDQuMTA0IDQuMDA3LDEuNzY1IDcuMTcyLDEuNzY1IEM5Ljk3NSwxLjc2NSAxMS41MTQsMy40NjEgMTEuNTE0LDUuNzI2IEMxMS41MTQsOC43MDggMTAuMTgzLDExLjE4IDguMjA2LDExLjE4IEM3LjExNCwxMS4xOCA2LjI5NywxMC4zMjkgNi41NTksOS4yMzMgQzYuODcyLDcuOTIyIDcuNDgsNi41MDkgNy40OCw1LjU2NCBDNy40OCw0LjcxNyA3LjAyMiw0LjAxMSA2LjA3Miw0LjAxMSBDNC45NTYsNC4wMTEgNC4wNiw1LjE1NSA0LjA2LDYuNjg3IEM0LjA2LDcuNjYzIDQuMzkzLDguMzIzIDQuMzkzLDguMzIzIEM0LjM5Myw4LjMyMyAzLjI1MSwxMy4xMTcgMy4wNTEsMTMuOTU3IEMyLjY1MiwxNS42MjkgMi45OTEsMTcuNjc5IDMuMDE5LDE3Ljg4NiBDMy4wMzYsMTguMDA5IDMuMTk1LDE4LjAzOCAzLjI2NywxNy45NDYgQzMuMzcsMTcuODEyIDQuNywxNi4xODcgNS4xNTEsMTQuNTYyIEM1LjI3OSwxNC4xMDIgNS44ODUsMTEuNzIgNS44ODUsMTEuNzIgQzYuMjQ4LDEyLjQwNiA3LjMwOCwxMy4wMDkgOC40MzUsMTMuMDA5IEMxMS43OSwxMy4wMDkgMTQuMDY2LDkuOTc5IDE0LjA2Niw1LjkyMyBDMTQuMDY2LDIuODU3IDExLjQ0NCwwIDcuNDU4LDAgWiBNMjYuODk2LDE0LjE4OSBDMjYuMzQ4LDE0LjE4OSAyNi4xMTcsMTMuOTE1IDI2LjExNywxMy4zMjggQzI2LjExNywxMi40MDQgMjcuMDM1LDEwLjA5MSAyNy4wMzUsOS4wNDEgQzI3LjAzNSw3LjYzOCAyNi4yNzYsNi44MjYgMjQuNzIsNi44MjYgQzIzLjczOSw2LjgyNiAyMi43MjIsNy40NTMgMjIuMjkxLDguMDAzIEMyMi4yOTEsOC4wMDMgMjIuNDIyLDcuNTUzIDIyLjQ2Nyw3LjM4IEMyMi41MTUsNy4xOTYgMjIuNDE1LDYuODg0IDIyLjE3Myw2Ljg4NCBMMjAuNjUxLDYuODg0IEMyMC4zMjgsNi44ODQgMjAuMjM4LDcuMDU1IDIwLjE5MSw3LjI0NCBDMjAuMTcyLDcuMzIgMTkuNjI0LDkuNTg0IDE5LjA5OCwxMS42MzIgQzE4LjczOCwxMy4wMzQgMTcuODYzLDE0LjIwNSAxNi45MjgsMTQuMjA1IEMxNi40NDcsMTQuMjA1IDE2LjIzMywxMy45MDYgMTYuMjMzLDEzLjM5OSBDMTYuMjMzLDEyLjk1OSAxNi41MTksMTEuODc3IDE2Ljg2LDEwLjUzNCBDMTcuMjc2LDguODk4IDE3LjY0Miw3LjU1MSAxNy42ODEsNy4zOTQgQzE3LjczMiw3LjE5MiAxNy42NDIsNy4wMTcgMTcuMzc5LDcuMDE3IEwxNS44NDksNy4wMTcgQzE1LjU3Miw3LjAxNyAxNS40NzMsNy4xNjEgMTUuNDE0LDcuMzYxIEMxNS40MTQsNy4zNjEgMTQuOTgzLDguOTc3IDE0LjUyNywxMC43NzUgQzE0LjE5NiwxMi4wNzkgMTMuODMsMTMuNDA5IDEzLjgzLDE0LjAzNCBDMTMuODMsMTUuMTQ4IDE0LjMzNiwxNS45NDQgMTUuNzI0LDE1Ljk0NCBDMTYuNzk2LDE1Ljk0NCAxNy42NDQsMTUuNDUgMTguMjkyLDE0Ljc2NCBDMTguMTk3LDE1LjEzNSAxOC4xMzYsMTUuNDE0IDE4LjEzLDE1LjQzOSBDMTguMDc0LDE1LjY1IDE4LjE0MiwxNS44MzggMTguMzk0LDE1LjgzOCBMMTkuOTYxLDE1LjgzOCBDMjAuMjMzLDE1LjgzOCAyMC4zMzcsMTUuNzMgMjAuMzk0LDE1LjQ5NCBDMjAuNDQ5LDE1LjI2OSAyMS42MTksMTAuNjY3IDIxLjYxOSwxMC42NjcgQzIxLjkyOCw5LjQ0MyAyMi42OTIsOC42MzIgMjMuNzY4LDguNjMyIEMyNC4yNzksOC42MzIgMjQuNzIsOC45NjcgMjQuNjY5LDkuNjE4IEMyNC42MTIsMTAuMzMzIDIzLjc0MSwxMi45MDMgMjMuNzQxLDE0LjAzMSBDMjMuNzQxLDE0Ljg4NCAyNC4wNiwxNS45NDUgMjUuNjgzLDE1Ljk0NSBDMjYuNzg5LDE1Ljk0NSAyNy42MDMsMTUuNDY0IDI4LjE5NSwxNC43ODYgTDI3LjQ4OSwxMy45NDEgQzI3LjMxMSwxNC4wOTQgMjcuMTE0LDE0LjE4OSAyNi44OTYsMTQuMTg5IFogTTQxLjcwMSw2Ljg3MyBMNDAuMTM0LDYuODczIEM0MC4xMzQsNi44NzMgNDAuODU2LDQuMTA5IDQwLjg3Myw0LjAzNSBDNDAuOTQyLDMuNzQ1IDQwLjY5OCwzLjU3OCA0MC40NDEsMy42MzEgQzQwLjQ0MSwzLjYzMSAzOS4yMywzLjg2NiAzOS4wMDUsMy45MTMgQzM4Ljc3OSwzLjk1OCAzOC42MDQsNC4wODEgMzguNTIyLDQuNDAzIEMzOC41MTIsNC40NDUgMzcuODgsNi44NzMgMzcuODgsNi44NzMgTDM2LjYyMiw2Ljg3MyBDMzYuMzg1LDYuODczIDM2LjI0NSw2Ljk2OCAzNi4xOTIsNy4xODggQzM2LjExNSw3LjUwNCAzNS45NzUsOC4xNDUgMzUuOTM2LDguMjk3IEMzNS44ODUsOC40OTQgMzYsOC42NDQgMzYuMjIyLDguNjQ0IEwzNy40NTcsOC42NDQgQzM3LjQ0OCw4LjY3NyAzNy4wNjQsMTAuMTI1IDM2LjcyNSwxMS41MjEgTDM2LjcyNCwxMS41MTYgQzM2LjcyLDExLjUzMiAzNi43MTYsMTEuNTQ2IDM2LjcxMiwxMS41NjIgTDM2LjcxMiwxMS41NTYgQzM2LjcxMiwxMS41NTYgMzYuNzA4LDExLjU3MSAzNi43MDIsMTEuNTk4IEMzNi4zMjQsMTIuOTY4IDM1LjExOCwxNC4yMDkgMzQuMjAxLDE0LjIwOSBDMzMuNzIxLDE0LjIwOSAzMy41MDYsMTMuOTA5IDMzLjUwNiwxMy40MDIgQzMzLjUwNiwxMi45NjMgMzMuNzkyLDExLjg4IDM0LjEzNCwxMC41MzcgQzM0LjU0OSw4LjkwMSAzNC45MTUsNy41NTUgMzQuOTU1LDcuMzk3IEMzNS4wMDYsNy4xOTYgMzQuOTE1LDcuMDIgMzQuNjUyLDcuMDIgTDMzLjEyMiw3LjAyIEMzMi44NDUsNy4wMiAzMi43NDYsNy4xNjQgMzIuNjg3LDcuMzY0IEMzMi42ODcsNy4zNjQgMzIuMjU3LDguOTggMzEuOCwxMC43NzggQzMxLjQ2OSwxMi4wODMgMzEuMTAzLDEzLjQxMiAzMS4xMDMsMTQuMDM3IEMzMS4xMDMsMTUuMTUxIDMxLjYwOSwxNS45NDggMzIuOTk3LDE1Ljk0OCBDMzQuMDcsMTUuOTQ4IDM1LjEzNiwxNS40NTMgMzUuNzgzLDE0Ljc2NyBDMzUuNzgzLDE0Ljc2NyAzNi4wMTEsMTQuNTIxIDM2LjIzLDE0LjIyOSBDMzYuMjQxLDE0LjU4MSAzNi4zMjQsMTQuODM3IDM2LjQxMSwxNS4wMTggQzM2LjQ1OCwxNS4xMTkgMzYuNTE1LDE1LjIxNSAzNi41ODEsMTUuMzAzIEMzNi41ODIsMTUuMzA0IDM2LjU4MywxNS4zMDYgMzYuNTg1LDE1LjMwOCBMMzYuNTg1LDE1LjMwOCBDMzYuODkxLDE1LjcxMyAzNy4zOTgsMTUuOTYyIDM4LjE1MSwxNS45NjIgQzM5Ljg5NCwxNS45NjIgNDAuOTQ0LDE0LjkzOCA0MS41NjIsMTMuOTA5IEw0MC43MDQsMTMuMjM5IEM0MC4zMzMsMTMuNzc0IDM5LjgzOSwxNC4xNzUgMzkuMzI0LDE0LjE3NSBDMzguODQ2LDE0LjE3NSAzOC41NzksMTMuODc4IDM4LjU3OSwxMy4zNzIgQzM4LjU3OSwxMi45MzUgMzguODg5LDExLjg2OCAzOS4yMjksMTAuNTMgQzM5LjM0NCwxMC4wODMgMzkuNTE2LDkuNDAxIDM5LjcwOCw4LjY0NCBMNDEuMzAyLDguNjQ0IEM0MS41MzksOC42NDQgNDEuNjc4LDguNTQ5IDQxLjczMiw4LjMyOSBDNDEuODA4LDguMDEyIDQxLjk0OCw3LjM3MiA0MS45ODgsNy4yMjEgQzQyLjAzOSw3LjAyMyA0MS45MjMsNi44NzMgNDEuNzAxLDYuODczIFogTTM0LjEyNiw2LjM0OCBDMzQuOTA1LDYuMzQ4IDM1LjY1Myw1LjcwNiAzNS43ODMsNC45MTIgQzM1LjkzNyw0LjE0MSAzNS40MDksMy40OTggMzQuNjMsMy40OTggQzMzLjg1MSwzLjQ5OCAzMy4xMDMsNC4xNDEgMzIuOTcxLDQuOTEyIEMzMi44MTksNS43MDYgMzMuMzI2LDYuMzQ4IDM0LjEyNiw2LjM0OCBaIiBmaWxsPSIjYmQwODFjIj48L3BhdGg+PC9nPjwvc3ZnPg==) 50% 50% no-repeat;\n  background-size: 75%;\n  position: relative;\n  font: 12px \"Helvetica Neue\", Helvetica, arial, sans-serif;\n  color: #555;\n  text-align: center;\n  vertical-align: baseline;\n}\n .PIN_1492906832782_button_pin:hover { \n  box-shadow: inset 0 0 1px #000;\n}\n .PIN_1492906832782_button_pin.PIN_1492906832782_above .PIN_1492906832782_count { \n  position: absolute;\n  top: -28px;\n  left: 0;\n  height: 28px;\n  width: inherit;\n  line-height: 24px;\n  background: transparent url(data:image/svg+xml;base64,PHN2ZyB4bWxucz0iaHR0cDovL3d3dy53My5vcmcvMjAwMC9zdmciIGhlaWdodD0iNzZweCIgd2lkdGg9IjExNHB4IiB2aWV3Qm94PSIwIDAgMTE0IDc2Ij48Zz48cGF0aCBkPSJNOSAxQzQuNiAxIDEgNC42IDEgOXY0M2MwIDQuMyAzLjYgOCA4IDhoMjZsMTggMTVoNy41bDE2LTE1SDEwNWM0LjQgMCA4LTMuNyA4LThWOWMwLTQuNC0zLjYtOC04LThIOXoiIGZpbGw9IiNmZmYiIHN0cm9rZT0iI2I1YjViNSIgc3Ryb2tlLXdpZHRoPSIyIj48L3BhdGg+PC9nPjwvc3ZnPg==) 0 0 no-repeat;\n  background-size: 40px 28px;\n}\n .PIN_1492906832782_button_pin.PIN_1492906832782_above.PIN_1492906832782_padded { \n  margin-top: 28px;\n}\n .PIN_1492906832782_button_pin.PIN_1492906832782_beside .PIN_1492906832782_count { \n  position: absolute;\n  right: -45px;\n  text-align: center;\n  text-indent: 5px;\n  height: inherit;\n  width: 45px;\n  font-size: 11px;\n  line-height: 20px;\n  background: transparent url(data:image/svg+xml;base64,PHN2ZyB4bWxucz0iaHR0cDovL3d3dy53My5vcmcvMjAwMC9zdmciIGhlaWdodD0iNTZweCIgd2lkdGg9IjEyNnB4IiB2aWV3Qm94PSIyIDAgMTMwIDYwIj48Zz48cGF0aCBkPSJNMTE5LjYgMmM0LjUgMCA4IDMuNiA4IDh2NDBjMCA0LjQtMy41IDgtOCA4SDIzLjNMMS42IDMyLjR2LTQuNkwyMy4zIDJoOTYuM3oiIGZpbGw9IiNmZmYiIHN0cm9rZT0iI2I1YjViNSIgc3Ryb2tlLXdpZHRoPSIyIj48L3BhdGg+PC9nPjwvc3ZnPg==);\n  background-size: cover;\n}\n .PIN_1492906832782_button_pin.PIN_1492906832782_beside.PIN_1492906832782_padded { \n  margin-right: 45px;\n}\n .PIN_1492906832782_button_pin.PIN_1492906832782_ja { \n  background-image: url(data:image/svg+xml;base64,PHN2ZyB4bWxucz0iaHR0cDovL3d3dy53My5vcmcvMjAwMC9zdmciIGhlaWdodD0iMThweCIgd2lkdGg9IjQxcHgiIHZpZXdCb3g9IjAgMCA0MSAxOCI+PGc+PHBhdGggZD0iTTE5LjgyMiw3LjE3MyBDMTkuODIyLDYuNTEgMTkuODM1LDYuMjc2IDE5Ljg4Nyw1Ljk2NCBMMTguMTQ1LDUuOTY0IEMxOC4xOTcsNi4yODkgMTguMTk3LDYuNDk3IDE4LjE5Nyw3LjE2IEwxOC4yMSwxMy4xOTIgQzE4LjIxLDEzLjk0NiAxOC4yMjMsMTQuMTY3IDE4LjI0OSwxNC4zODggQzE4LjMyNywxNS4wMjUgMTguNTIyLDE1LjQ0MSAxOC44ODYsMTUuNzE0IEMxOS4zOTMsMTYuMTA0IDIwLjI5LDE2LjI3MyAyMS45MjgsMTYuMjczIEMyMi43MjEsMTYuMjczIDI0LjM1OSwxNi4xOTUgMjUuMTI2LDE2LjExNyBDMjYuNTA0LDE1Ljk4NyAyNi41NjksMTUuOTc0IDI2Ljg0MiwxNS45NzQgTDI2Ljc2NCwxNC4yNDUgQzI2LjE5MiwxNC40MTQgMjUuOTA2LDE0LjQ3OSAyNS4yODIsMTQuNTU3IEMyNC4zMzMsMTQuNjg3IDIzLjEzNywxNC43NjUgMjIuMjY2LDE0Ljc2NSBDMjEuMDA1LDE0Ljc2NSAyMC4yNjQsMTQuNjQ4IDIwLjA0MywxNC40MjcgQzE5Ljg2MSwxNC4yNDUgMTkuODA5LDEzLjk1OSAxOS44MDksMTMuMjMxIEMxOS44MDksMTMuMTc5IDE5LjgwOSwxMy4xMDEgMTkuODIyLDEzLjAyMyBMMTkuODIyLDExLjMwNyBDMjEuOTkzLDEwLjkwNCAyNC4wMDgsMTAuMjI4IDI1LjkzMiw5LjI0IEwyNi4yNyw5LjA3MSBDMjYuMzc0LDkuMDE5IDI2LjQsOS4wMDYgMjYuNTQzLDguOTU0IEwyNS41MDMsNy40ODUgQzI0LjY1OCw4LjI3OCAyMS43ODUsOS40MzUgMTkuODIyLDkuNzk5IEwxOS44MjIsNy4xNzMgWiBNMjcuMzEsNC44NzIgQzI2LjQ5MSw0Ljg3MiAyNS44MTUsNS41NDggMjUuODE1LDYuMzY3IEMyNS44MTUsNy4xOTkgMjYuNDkxLDcuODc1IDI3LjMxLDcuODc1IEMyOC4xNDIsNy44NzUgMjguODE4LDcuMTk5IDI4LjgxOCw2LjM2NyBDMjguODE4LDUuNTQ4IDI4LjE0Miw0Ljg3MiAyNy4zMSw0Ljg3MiBMMjcuMzEsNC44NzIgWiBNMjcuMzEsNS41MjIgQzI3Ljc5MSw1LjUyMiAyOC4xNjgsNS44OTkgMjguMTY4LDYuMzY3IEMyOC4xNjgsNi44MzUgMjcuNzkxLDcuMjI1IDI3LjMxLDcuMjI1IEMyNi44NDIsNy4yMjUgMjYuNDY1LDYuODM1IDI2LjQ2NSw2LjM2NyBDMjYuNDY1LDUuODk5IDI2Ljg0Miw1LjUyMiAyNy4zMSw1LjUyMiBMMjcuMzEsNS41MjIgWiBNMzAuNTg2LDcuNjU0IEMzMS43OTUsOC4zMyAzMi44NjEsOS4xODggMzMuOTAxLDEwLjI5MyBMMzUuMDE5LDguODc2IEMzNC4wMTgsNy45MjcgMzMuMjEyLDcuMzI5IDMxLjY2NSw2LjM2NyBMMzAuNTg2LDcuNjU0IFogTTMxLjA0MSwxNi4yMzQgQzMxLjM0LDE2LjEzIDMxLjM3OSwxNi4xMTcgMzEuODk5LDE2LjAxMyBDMzMuOTE0LDE1LjU4NCAzNS41MjYsMTQuOTQ3IDM2Ljg1MiwxNC4wNjMgQzM4LjYzMywxMi44OCAzOS44NjgsMTEuMzQ2IDQwLjk3Myw4Ljk2NyBDNDAuMzEsOC40OTkgNDAuMTAyLDguMzA0IDM5LjU5NSw3LjY5MyBDMzkuMjA1LDguNzQ2IDM4Ljg0MSw5LjQ2MSAzOC4yNjksMTAuMjkzIEMzNy4yNDIsMTEuNzc1IDM2LjAzMywxMi43NzYgMzQuNDA4LDEzLjQ3OCBDMzMuMjI1LDEzLjk5OCAzMS42NzgsMTQuMzc1IDMwLjU2LDE0LjQ0IEwzMS4wNDEsMTYuMjM0IFogTTcuNDU4LDAgQzIuNSwwIDAsMy41MjIgMCw2LjQ1OSBDMCw4LjIzNyAwLjY4LDkuODE5IDIuMTM3LDEwLjQwOSBDMi4zNzYsMTAuNTA1IDIuNTksMTAuNDEyIDIuNjYsMTAuMTUgQzIuNzA4LDkuOTY5IDIuODIyLDkuNTExIDIuODczLDkuMzIgQzIuOTQzLDkuMDYxIDIuOTE2LDguOTcgMi43MjMsOC43NDQgQzIuMzAyLDguMjUzIDIuMDM0LDcuNjE3IDIuMDM0LDYuNzE2IEMyLjAzNCw0LjEwNCA0LjAwNywxLjc2NSA3LjE3MiwxLjc2NSBDOS45NzUsMS43NjUgMTEuNTE0LDMuNDYxIDExLjUxNCw1LjcyNiBDMTEuNTE0LDguNzA4IDEwLjE4MywxMS4xOCA4LjIwNiwxMS4xOCBDNy4xMTQsMTEuMTggNi4yOTcsMTAuMzI5IDYuNTU5LDkuMjMzIEM2Ljg3Miw3LjkyMiA3LjQ4LDYuNTA5IDcuNDgsNS41NjQgQzcuNDgsNC43MTcgNy4wMjIsNC4wMTEgNi4wNzIsNC4wMTEgQzQuOTU2LDQuMDExIDQuMDYsNS4xNTUgNC4wNiw2LjY4NyBDNC4wNiw3LjY2MyA0LjM5Myw4LjMyMyA0LjM5Myw4LjMyMyBDNC4zOTMsOC4zMjMgMy4yNTEsMTMuMTE3IDMuMDUxLDEzLjk1NyBDMi42NTIsMTUuNjI5IDIuOTkxLDE3LjY3OSAzLjAxOSwxNy44ODYgQzMuMDM2LDE4LjAwOSAzLjE5NSwxOC4wMzggMy4yNjcsMTcuOTQ2IEMzLjM3LDE3LjgxMiA0LjcsMTYuMTg3IDUuMTUxLDE0LjU2MiBDNS4yNzksMTQuMTAyIDUuODg1LDExLjcyIDUuODg1LDExLjcyIEM2LjI0OCwxMi40MDYgNy4zMDgsMTMuMDA5IDguNDM1LDEzLjAwOSBDMTEuNzksMTMuMDA5IDE0LjA2Niw5Ljk3OSAxNC4wNjYsNS45MjMgQzE0LjA2NiwyLjg1NyAxMS40NDQsMCA3LjQ1OCwwIFoiIGZpbGw9IiNiZDA4MWMiPjwvcGF0aD48L2c+PC9zdmc+);\n  background-size: 72%;\n}\n .PIN_1492906832782_button_pin.PIN_1492906832782_red { \n  background-color: #bd081c;\n  background-image: url(data:image/svg+xml;base64,PHN2ZyB4bWxucz0iaHR0cDovL3d3dy53My5vcmcvMjAwMC9zdmciIGhlaWdodD0iMThweCIgd2lkdGg9IjQycHgiIHZpZXdCb3g9IjAgMCA0MiAxOCI+PGc+PHBhdGggZD0iTTE2Ljg1Myw2LjM0NSBDMTcuNjMyLDYuMzQ1IDE4LjM4LDUuNzAyIDE4LjUxLDQuOTA5IEMxOC42NjQsNC4xMzggMTguMTM1LDMuNDk0IDE3LjM1NywzLjQ5NCBDMTYuNTc4LDMuNDk0IDE1LjgzLDQuMTM4IDE1LjY5OCw0LjkwOSBDMTUuNTQ2LDUuNzAyIDE2LjA1Myw2LjM0NSAxNi44NTMsNi4zNDUgWiBNNy40NTgsMCBDMi41LDAgMCwzLjUyMiAwLDYuNDU5IEMwLDguMjM3IDAuNjgsOS44MTkgMi4xMzcsMTAuNDA5IEMyLjM3NiwxMC41MDUgMi41OSwxMC40MTIgMi42NiwxMC4xNSBDMi43MDgsOS45NjkgMi44MjIsOS41MTEgMi44NzMsOS4zMiBDMi45NDMsOS4wNjEgMi45MTYsOC45NyAyLjcyMyw4Ljc0NCBDMi4zMDIsOC4yNTMgMi4wMzQsNy42MTcgMi4wMzQsNi43MTYgQzIuMDM0LDQuMTA0IDQuMDA3LDEuNzY1IDcuMTcyLDEuNzY1IEM5Ljk3NSwxLjc2NSAxMS41MTQsMy40NjEgMTEuNTE0LDUuNzI2IEMxMS41MTQsOC43MDggMTAuMTgzLDExLjE4IDguMjA2LDExLjE4IEM3LjExNCwxMS4xOCA2LjI5NywxMC4zMjkgNi41NTksOS4yMzMgQzYuODcyLDcuOTIyIDcuNDgsNi41MDkgNy40OCw1LjU2NCBDNy40OCw0LjcxNyA3LjAyMiw0LjAxMSA2LjA3Miw0LjAxMSBDNC45NTYsNC4wMTEgNC4wNiw1LjE1NSA0LjA2LDYuNjg3IEM0LjA2LDcuNjYzIDQuMzkzLDguMzIzIDQuMzkzLDguMzIzIEM0LjM5Myw4LjMyMyAzLjI1MSwxMy4xMTcgMy4wNTEsMTMuOTU3IEMyLjY1MiwxNS42MjkgMi45OTEsMTcuNjc5IDMuMDE5LDE3Ljg4NiBDMy4wMzYsMTguMDA5IDMuMTk1LDE4LjAzOCAzLjI2NywxNy45NDYgQzMuMzcsMTcuODEyIDQuNywxNi4xODcgNS4xNTEsMTQuNTYyIEM1LjI3OSwxNC4xMDIgNS44ODUsMTEuNzIgNS44ODUsMTEuNzIgQzYuMjQ4LDEyLjQwNiA3LjMwOCwxMy4wMDkgOC40MzUsMTMuMDA5IEMxMS43OSwxMy4wMDkgMTQuMDY2LDkuOTc5IDE0LjA2Niw1LjkyMyBDMTQuMDY2LDIuODU3IDExLjQ0NCwwIDcuNDU4LDAgWiBNMjYuODk2LDE0LjE4OSBDMjYuMzQ4LDE0LjE4OSAyNi4xMTcsMTMuOTE1IDI2LjExNywxMy4zMjggQzI2LjExNywxMi40MDQgMjcuMDM1LDEwLjA5MSAyNy4wMzUsOS4wNDEgQzI3LjAzNSw3LjYzOCAyNi4yNzYsNi44MjYgMjQuNzIsNi44MjYgQzIzLjczOSw2LjgyNiAyMi43MjIsNy40NTMgMjIuMjkxLDguMDAzIEMyMi4yOTEsOC4wMDMgMjIuNDIyLDcuNTUzIDIyLjQ2Nyw3LjM4IEMyMi41MTUsNy4xOTYgMjIuNDE1LDYuODg0IDIyLjE3Myw2Ljg4NCBMMjAuNjUxLDYuODg0IEMyMC4zMjgsNi44ODQgMjAuMjM4LDcuMDU1IDIwLjE5MSw3LjI0NCBDMjAuMTcyLDcuMzIgMTkuNjI0LDkuNTg0IDE5LjA5OCwxMS42MzIgQzE4LjczOCwxMy4wMzQgMTcuODYzLDE0LjIwNSAxNi45MjgsMTQuMjA1IEMxNi40NDcsMTQuMjA1IDE2LjIzMywxMy45MDYgMTYuMjMzLDEzLjM5OSBDMTYuMjMzLDEyLjk1OSAxNi41MTksMTEuODc3IDE2Ljg2LDEwLjUzNCBDMTcuMjc2LDguODk4IDE3LjY0Miw3LjU1MSAxNy42ODEsNy4zOTQgQzE3LjczMiw3LjE5MiAxNy42NDIsNy4wMTcgMTcuMzc5LDcuMDE3IEwxNS44NDksNy4wMTcgQzE1LjU3Miw3LjAxNyAxNS40NzMsNy4xNjEgMTUuNDE0LDcuMzYxIEMxNS40MTQsNy4zNjEgMTQuOTgzLDguOTc3IDE0LjUyNywxMC43NzUgQzE0LjE5NiwxMi4wNzkgMTMuODMsMTMuNDA5IDEzLjgzLDE0LjAzNCBDMTMuODMsMTUuMTQ4IDE0LjMzNiwxNS45NDQgMTUuNzI0LDE1Ljk0NCBDMTYuNzk2LDE1Ljk0NCAxNy42NDQsMTUuNDUgMTguMjkyLDE0Ljc2NCBDMTguMTk3LDE1LjEzNSAxOC4xMzYsMTUuNDE0IDE4LjEzLDE1LjQzOSBDMTguMDc0LDE1LjY1IDE4LjE0MiwxNS44MzggMTguMzk0LDE1LjgzOCBMMTkuOTYxLDE1LjgzOCBDMjAuMjMzLDE1LjgzOCAyMC4zMzcsMTUuNzMgMjAuMzk0LDE1LjQ5NCBDMjAuNDQ5LDE1LjI2OSAyMS42MTksMTAuNjY3IDIxLjYxOSwxMC42NjcgQzIxLjkyOCw5LjQ0MyAyMi42OTIsOC42MzIgMjMuNzY4LDguNjMyIEMyNC4yNzksOC42MzIgMjQuNzIsOC45NjcgMjQuNjY5LDkuNjE4IEMyNC42MTIsMTAuMzMzIDIzLjc0MSwxMi45MDMgMjMuNzQxLDE0LjAzMSBDMjMuNzQxLDE0Ljg4NCAyNC4wNiwxNS45NDUgMjUuNjgzLDE1Ljk0NSBDMjYuNzg5LDE1Ljk0NSAyNy42MDMsMTUuNDY0IDI4LjE5NSwxNC43ODYgTDI3LjQ4OSwxMy45NDEgQzI3LjMxMSwxNC4wOTQgMjcuMTE0LDE0LjE4OSAyNi44OTYsMTQuMTg5IFogTTQxLjcwMSw2Ljg3MyBMNDAuMTM0LDYuODczIEM0MC4xMzQsNi44NzMgNDAuODU2LDQuMTA5IDQwLjg3Myw0LjAzNSBDNDAuOTQyLDMuNzQ1IDQwLjY5OCwzLjU3OCA0MC40NDEsMy42MzEgQzQwLjQ0MSwzLjYzMSAzOS4yMywzLjg2NiAzOS4wMDUsMy45MTMgQzM4Ljc3OSwzLjk1OCAzOC42MDQsNC4wODEgMzguNTIyLDQuNDAzIEMzOC41MTIsNC40NDUgMzcuODgsNi44NzMgMzcuODgsNi44NzMgTDM2LjYyMiw2Ljg3MyBDMzYuMzg1LDYuODczIDM2LjI0NSw2Ljk2OCAzNi4xOTIsNy4xODggQzM2LjExNSw3LjUwNCAzNS45NzUsOC4xNDUgMzUuOTM2LDguMjk3IEMzNS44ODUsOC40OTQgMzYsOC42NDQgMzYuMjIyLDguNjQ0IEwzNy40NTcsOC42NDQgQzM3LjQ0OCw4LjY3NyAzNy4wNjQsMTAuMTI1IDM2LjcyNSwxMS41MjEgTDM2LjcyNCwxMS41MTYgQzM2LjcyLDExLjUzMiAzNi43MTYsMTEuNTQ2IDM2LjcxMiwxMS41NjIgTDM2LjcxMiwxMS41NTYgQzM2LjcxMiwxMS41NTYgMzYuNzA4LDExLjU3MSAzNi43MDIsMTEuNTk4IEMzNi4zMjQsMTIuOTY4IDM1LjExOCwxNC4yMDkgMzQuMjAxLDE0LjIwOSBDMzMuNzIxLDE0LjIwOSAzMy41MDYsMTMuOTA5IDMzLjUwNiwxMy40MDIgQzMzLjUwNiwxMi45NjMgMzMuNzkyLDExLjg4IDM0LjEzNCwxMC41MzcgQzM0LjU0OSw4LjkwMSAzNC45MTUsNy41NTUgMzQuOTU1LDcuMzk3IEMzNS4wMDYsNy4xOTYgMzQuOTE1LDcuMDIgMzQuNjUyLDcuMDIgTDMzLjEyMiw3LjAyIEMzMi44NDUsNy4wMiAzMi43NDYsNy4xNjQgMzIuNjg3LDcuMzY0IEMzMi42ODcsNy4zNjQgMzIuMjU3LDguOTggMzEuOCwxMC43NzggQzMxLjQ2OSwxMi4wODMgMzEuMTAzLDEzLjQxMiAzMS4xMDMsMTQuMDM3IEMzMS4xMDMsMTUuMTUxIDMxLjYwOSwxNS45NDggMzIuOTk3LDE1Ljk0OCBDMzQuMDcsMTUuOTQ4IDM1LjEzNiwxNS40NTMgMzUuNzgzLDE0Ljc2NyBDMzUuNzgzLDE0Ljc2NyAzNi4wMTEsMTQuNTIxIDM2LjIzLDE0LjIyOSBDMzYuMjQxLDE0LjU4MSAzNi4zMjQsMTQuODM3IDM2LjQxMSwxNS4wMTggQzM2LjQ1OCwxNS4xMTkgMzYuNTE1LDE1LjIxNSAzNi41ODEsMTUuMzAzIEMzNi41ODIsMTUuMzA0IDM2LjU4MywxNS4zMDYgMzYuNTg1LDE1LjMwOCBMMzYuNTg1LDE1LjMwOCBDMzYuODkxLDE1LjcxMyAzNy4zOTgsMTUuOTYyIDM4LjE1MSwxNS45NjIgQzM5Ljg5NCwxNS45NjIgNDAuOTQ0LDE0LjkzOCA0MS41NjIsMTMuOTA5IEw0MC43MDQsMTMuMjM5IEM0MC4zMzMsMTMuNzc0IDM5LjgzOSwxNC4xNzUgMzkuMzI0LDE0LjE3NSBDMzguODQ2LDE0LjE3NSAzOC41NzksMTMuODc4IDM4LjU3OSwxMy4zNzIgQzM4LjU3OSwxMi45MzUgMzguODg5LDExLjg2OCAzOS4yMjksMTAuNTMgQzM5LjM0NCwxMC4wODMgMzkuNTE2LDkuNDAxIDM5LjcwOCw4LjY0NCBMNDEuMzAyLDguNjQ0IEM0MS41MzksOC42NDQgNDEuNjc4LDguNTQ5IDQxLjczMiw4LjMyOSBDNDEuODA4LDguMDEyIDQxLjk0OCw3LjM3MiA0MS45ODgsNy4yMjEgQzQyLjAzOSw3LjAyMyA0MS45MjMsNi44NzMgNDEuNzAxLDYuODczIFogTTM0LjEyNiw2LjM0OCBDMzQuOTA1LDYuMzQ4IDM1LjY1Myw1LjcwNiAzNS43ODMsNC45MTIgQzM1LjkzNyw0LjE0MSAzNS40MDksMy40OTggMzQuNjMsMy40OTggQzMzLjg1MSwzLjQ5OCAzMy4xMDMsNC4xNDEgMzIuOTcxLDQuOTEyIEMzMi44MTksNS43MDYgMzMuMzI2LDYuMzQ4IDM0LjEyNiw2LjM0OCBaIiBmaWxsPSIjZmZmIj48L3BhdGg+PC9nPjwvc3ZnPg==);\n}\n .PIN_1492906832782_button_pin.PIN_1492906832782_red.PIN_1492906832782_ja { \n  background-image: url(data:image/svg+xml;base64,PHN2ZyB4bWxucz0iaHR0cDovL3d3dy53My5vcmcvMjAwMC9zdmciIGhlaWdodD0iMThweCIgd2lkdGg9IjQxcHgiIHZpZXdCb3g9IjAgMCA0MSAxOCI+PGc+PHBhdGggZD0iTTE5LjgyMiw3LjE3MyBDMTkuODIyLDYuNTEgMTkuODM1LDYuMjc2IDE5Ljg4Nyw1Ljk2NCBMMTguMTQ1LDUuOTY0IEMxOC4xOTcsNi4yODkgMTguMTk3LDYuNDk3IDE4LjE5Nyw3LjE2IEwxOC4yMSwxMy4xOTIgQzE4LjIxLDEzLjk0NiAxOC4yMjMsMTQuMTY3IDE4LjI0OSwxNC4zODggQzE4LjMyNywxNS4wMjUgMTguNTIyLDE1LjQ0MSAxOC44ODYsMTUuNzE0IEMxOS4zOTMsMTYuMTA0IDIwLjI5LDE2LjI3MyAyMS45MjgsMTYuMjczIEMyMi43MjEsMTYuMjczIDI0LjM1OSwxNi4xOTUgMjUuMTI2LDE2LjExNyBDMjYuNTA0LDE1Ljk4NyAyNi41NjksMTUuOTc0IDI2Ljg0MiwxNS45NzQgTDI2Ljc2NCwxNC4yNDUgQzI2LjE5MiwxNC40MTQgMjUuOTA2LDE0LjQ3OSAyNS4yODIsMTQuNTU3IEMyNC4zMzMsMTQuNjg3IDIzLjEzNywxNC43NjUgMjIuMjY2LDE0Ljc2NSBDMjEuMDA1LDE0Ljc2NSAyMC4yNjQsMTQuNjQ4IDIwLjA0MywxNC40MjcgQzE5Ljg2MSwxNC4yNDUgMTkuODA5LDEzLjk1OSAxOS44MDksMTMuMjMxIEMxOS44MDksMTMuMTc5IDE5LjgwOSwxMy4xMDEgMTkuODIyLDEzLjAyMyBMMTkuODIyLDExLjMwNyBDMjEuOTkzLDEwLjkwNCAyNC4wMDgsMTAuMjI4IDI1LjkzMiw5LjI0IEwyNi4yNyw5LjA3MSBDMjYuMzc0LDkuMDE5IDI2LjQsOS4wMDYgMjYuNTQzLDguOTU0IEwyNS41MDMsNy40ODUgQzI0LjY1OCw4LjI3OCAyMS43ODUsOS40MzUgMTkuODIyLDkuNzk5IEwxOS44MjIsNy4xNzMgWiBNMjcuMzEsNC44NzIgQzI2LjQ5MSw0Ljg3MiAyNS44MTUsNS41NDggMjUuODE1LDYuMzY3IEMyNS44MTUsNy4xOTkgMjYuNDkxLDcuODc1IDI3LjMxLDcuODc1IEMyOC4xNDIsNy44NzUgMjguODE4LDcuMTk5IDI4LjgxOCw2LjM2NyBDMjguODE4LDUuNTQ4IDI4LjE0Miw0Ljg3MiAyNy4zMSw0Ljg3MiBMMjcuMzEsNC44NzIgWiBNMjcuMzEsNS41MjIgQzI3Ljc5MSw1LjUyMiAyOC4xNjgsNS44OTkgMjguMTY4LDYuMzY3IEMyOC4xNjgsNi44MzUgMjcuNzkxLDcuMjI1IDI3LjMxLDcuMjI1IEMyNi44NDIsNy4yMjUgMjYuNDY1LDYuODM1IDI2LjQ2NSw2LjM2NyBDMjYuNDY1LDUuODk5IDI2Ljg0Miw1LjUyMiAyNy4zMSw1LjUyMiBMMjcuMzEsNS41MjIgWiBNMzAuNTg2LDcuNjU0IEMzMS43OTUsOC4zMyAzMi44NjEsOS4xODggMzMuOTAxLDEwLjI5MyBMMzUuMDE5LDguODc2IEMzNC4wMTgsNy45MjcgMzMuMjEyLDcuMzI5IDMxLjY2NSw2LjM2NyBMMzAuNTg2LDcuNjU0IFogTTMxLjA0MSwxNi4yMzQgQzMxLjM0LDE2LjEzIDMxLjM3OSwxNi4xMTcgMzEuODk5LDE2LjAxMyBDMzMuOTE0LDE1LjU4NCAzNS41MjYsMTQuOTQ3IDM2Ljg1MiwxNC4wNjMgQzM4LjYzMywxMi44OCAzOS44NjgsMTEuMzQ2IDQwLjk3Myw4Ljk2NyBDNDAuMzEsOC40OTkgNDAuMTAyLDguMzA0IDM5LjU5NSw3LjY5MyBDMzkuMjA1LDguNzQ2IDM4Ljg0MSw5LjQ2MSAzOC4yNjksMTAuMjkzIEMzNy4yNDIsMTEuNzc1IDM2LjAzMywxMi43NzYgMzQuNDA4LDEzLjQ3OCBDMzMuMjI1LDEzLjk5OCAzMS42NzgsMTQuMzc1IDMwLjU2LDE0LjQ0IEwzMS4wNDEsMTYuMjM0IFogTTcuNDU4LDAgQzIuNSwwIDAsMy41MjIgMCw2LjQ1OSBDMCw4LjIzNyAwLjY4LDkuODE5IDIuMTM3LDEwLjQwOSBDMi4zNzYsMTAuNTA1IDIuNTksMTAuNDEyIDIuNjYsMTAuMTUgQzIuNzA4LDkuOTY5IDIuODIyLDkuNTExIDIuODczLDkuMzIgQzIuOTQzLDkuMDYxIDIuOTE2LDguOTcgMi43MjMsOC43NDQgQzIuMzAyLDguMjUzIDIuMDM0LDcuNjE3IDIuMDM0LDYuNzE2IEMyLjAzNCw0LjEwNCA0LjAwNywxLjc2NSA3LjE3MiwxLjc2NSBDOS45NzUsMS43NjUgMTEuNTE0LDMuNDYxIDExLjUxNCw1LjcyNiBDMTEuNTE0LDguNzA4IDEwLjE4MywxMS4xOCA4LjIwNiwxMS4xOCBDNy4xMTQsMTEuMTggNi4yOTcsMTAuMzI5IDYuNTU5LDkuMjMzIEM2Ljg3Miw3LjkyMiA3LjQ4LDYuNTA5IDcuNDgsNS41NjQgQzcuNDgsNC43MTcgNy4wMjIsNC4wMTEgNi4wNzIsNC4wMTEgQzQuOTU2LDQuMDExIDQuMDYsNS4xNTUgNC4wNiw2LjY4NyBDNC4wNiw3LjY2MyA0LjM5Myw4LjMyMyA0LjM5Myw4LjMyMyBDNC4zOTMsOC4zMjMgMy4yNTEsMTMuMTE3IDMuMDUxLDEzLjk1NyBDMi42NTIsMTUuNjI5IDIuOTkxLDE3LjY3OSAzLjAxOSwxNy44ODYgQzMuMDM2LDE4LjAwOSAzLjE5NSwxOC4wMzggMy4yNjcsMTcuOTQ2IEMzLjM3LDE3LjgxMiA0LjcsMTYuMTg3IDUuMTUxLDE0LjU2MiBDNS4yNzksMTQuMTAyIDUuODg1LDExLjcyIDUuODg1LDExLjcyIEM2LjI0OCwxMi40MDYgNy4zMDgsMTMuMDA5IDguNDM1LDEzLjAwOSBDMTEuNzksMTMuMDA5IDE0LjA2Niw5Ljk3OSAxNC4wNjYsNS45MjMgQzE0LjA2NiwyLjg1NyAxMS40NDQsMCA3LjQ1OCwwIFoiIGZpbGw9IiNmZmYiPjwvcGF0aD48L2c+PC9zdmc+);\n}\n .PIN_1492906832782_button_pin.PIN_1492906832782_white { \n  background-color: #fff;\n}\n .PIN_1492906832782_button_pin.PIN_1492906832782_save { \n  border-radius: 2px;\n  text-indent: 20px;\n  width: auto;\n  padding: 0 4px 0 0;\n  text-align: center;\n  font: 11px/20px \"Helvetica Neue\", Helvetica, sans-serif;\n  font-weight: bold;\n  color: #fff;\n  background: #bd081c url(data:image/svg+xml;base64,PHN2ZyB4bWxucz0iaHR0cDovL3d3dy53My5vcmcvMjAwMC9zdmciIGhlaWdodD0iMzBweCIgd2lkdGg9IjMwcHgiIHZpZXdCb3g9Ii0xIC0xIDMxIDMxIj48Zz48cGF0aCBkPSJNMjkuNDQ5LDE0LjY2MiBDMjkuNDQ5LDIyLjcyMiAyMi44NjgsMjkuMjU2IDE0Ljc1LDI5LjI1NiBDNi42MzIsMjkuMjU2IDAuMDUxLDIyLjcyMiAwLjA1MSwxNC42NjIgQzAuMDUxLDYuNjAxIDYuNjMyLDAuMDY3IDE0Ljc1LDAuMDY3IEMyMi44NjgsMC4wNjcgMjkuNDQ5LDYuNjAxIDI5LjQ0OSwxNC42NjIiIGZpbGw9IiNmZmYiIHN0cm9rZT0iI2ZmZiIgc3Ryb2tlLXdpZHRoPSIxIj48L3BhdGg+PHBhdGggZD0iTTE0LjczMywxLjY4NiBDNy41MTYsMS42ODYgMS42NjUsNy40OTUgMS42NjUsMTQuNjYyIEMxLjY2NSwyMC4xNTkgNS4xMDksMjQuODU0IDkuOTcsMjYuNzQ0IEM5Ljg1NiwyNS43MTggOS43NTMsMjQuMTQzIDEwLjAxNiwyMy4wMjIgQzEwLjI1MywyMi4wMSAxMS41NDgsMTYuNTcyIDExLjU0OCwxNi41NzIgQzExLjU0OCwxNi41NzIgMTEuMTU3LDE1Ljc5NSAxMS4xNTcsMTQuNjQ2IEMxMS4xNTcsMTIuODQyIDEyLjIxMSwxMS40OTUgMTMuNTIyLDExLjQ5NSBDMTQuNjM3LDExLjQ5NSAxNS4xNzUsMTIuMzI2IDE1LjE3NSwxMy4zMjMgQzE1LjE3NSwxNC40MzYgMTQuNDYyLDE2LjEgMTQuMDkzLDE3LjY0MyBDMTMuNzg1LDE4LjkzNSAxNC43NDUsMTkuOTg4IDE2LjAyOCwxOS45ODggQzE4LjM1MSwxOS45ODggMjAuMTM2LDE3LjU1NiAyMC4xMzYsMTQuMDQ2IEMyMC4xMzYsMTAuOTM5IDE3Ljg4OCw4Ljc2NyAxNC42NzgsOC43NjcgQzEwLjk1OSw4Ljc2NyA4Ljc3NywxMS41MzYgOC43NzcsMTQuMzk4IEM4Ljc3NywxNS41MTMgOS4yMSwxNi43MDkgOS43NDksMTcuMzU5IEM5Ljg1NiwxNy40ODggOS44NzIsMTcuNiA5Ljg0LDE3LjczMSBDOS43NDEsMTguMTQxIDkuNTIsMTkuMDIzIDkuNDc3LDE5LjIwMyBDOS40MiwxOS40NCA5LjI4OCwxOS40OTEgOS4wNCwxOS4zNzYgQzcuNDA4LDE4LjYyMiA2LjM4NywxNi4yNTIgNi4zODcsMTQuMzQ5IEM2LjM4NywxMC4yNTYgOS4zODMsNi40OTcgMTUuMDIyLDYuNDk3IEMxOS41NTUsNi40OTcgMjMuMDc4LDkuNzA1IDIzLjA3OCwxMy45OTEgQzIzLjA3OCwxOC40NjMgMjAuMjM5LDIyLjA2MiAxNi4yOTcsMjIuMDYyIEMxNC45NzMsMjIuMDYyIDEzLjcyOCwyMS4zNzkgMTMuMzAyLDIwLjU3MiBDMTMuMzAyLDIwLjU3MiAxMi42NDcsMjMuMDUgMTIuNDg4LDIzLjY1NyBDMTIuMTkzLDI0Ljc4NCAxMS4zOTYsMjYuMTk2IDEwLjg2MywyNy4wNTggQzEyLjA4NiwyNy40MzQgMTMuMzg2LDI3LjYzNyAxNC43MzMsMjcuNjM3IEMyMS45NSwyNy42MzcgMjcuODAxLDIxLjgyOCAyNy44MDEsMTQuNjYyIEMyNy44MDEsNy40OTUgMjEuOTUsMS42ODYgMTQuNzMzLDEuNjg2IiBmaWxsPSIjYmQwODFjIj48L3BhdGg+PC9nPjwvc3ZnPg==) 3px 50% no-repeat;\n  background-size: 14px 14px;\n  -webkit-font-smoothing: antialiased;\n}\n .PIN_1492906832782_button_pin.PIN_1492906832782_save:hover { \n  background-color: #aa0719;\n  box-shadow: none;\n}\n .PIN_1492906832782_button_pin.PIN_1492906832782_save .PIN_1492906832782_count { \n  text-indent: 0;\n  position: absolute;\n  color: #555;\n  background: #efefef;\n  border-radius: 2px;\n}\n .PIN_1492906832782_button_pin.PIN_1492906832782_save .PIN_1492906832782_count::before { \n  content: \"\";\n  position: absolute;\n}\n .PIN_1492906832782_button_pin.PIN_1492906832782_save.PIN_1492906832782_beside .PIN_1492906832782_count { \n  right: -46px;\n  height: 20px;\n  width: 40px;\n  font-size: 10px;\n  line-height: 20px;\n}\n .PIN_1492906832782_button_pin.PIN_1492906832782_save.PIN_1492906832782_beside .PIN_1492906832782_count::before { \n  top: 3px;\n  left: -4px;\n  border-right: 7px solid #efefef;\n  border-top: 7px solid transparent;\n  border-bottom: 7px solid transparent;\n}\n .PIN_1492906832782_button_pin.PIN_1492906832782_save.PIN_1492906832782_above .PIN_1492906832782_count { \n  top: -36px;\n  width: 100%;\n  height: 30px;\n  font-size: 10px;\n  line-height: 30px;\n}\n .PIN_1492906832782_button_pin.PIN_1492906832782_save.PIN_1492906832782_above .PIN_1492906832782_count::before { \n  bottom: -4px;\n  left: 4px;\n  border-top: 7px solid #efefef;\n  border-right: 7px solid transparent;\n  border-left: 7px solid transparent;\n}\n .PIN_1492906832782_button_pin.PIN_1492906832782_save.PIN_1492906832782_above.PIN_1492906832782_padded { \n  margin-top: 28px;\n}\n .PIN_1492906832782_button_pin.PIN_1492906832782_tall { \n  height: 28px;\n  width: 56px;\n  border-radius: 3px;\n}\n .PIN_1492906832782_button_pin.PIN_1492906832782_tall.PIN_1492906832782_above .PIN_1492906832782_count { \n  position: absolute;\n  height: 37px;\n  width: inherit;\n  top: -37px;\n  left: 0;\n  line-height: 30px;\n  font-size: 14px;\n  background: transparent url(data:image/svg+xml;base64,PHN2ZyB4bWxucz0iaHR0cDovL3d3dy53My5vcmcvMjAwMC9zdmciIGhlaWdodD0iNzZweCIgd2lkdGg9IjExNHB4IiB2aWV3Qm94PSIwIDAgMTE0IDc2Ij48Zz48cGF0aCBkPSJNOSAxQzQuNiAxIDEgNC42IDEgOXY0M2MwIDQuMyAzLjYgOCA4IDhoMjZsMTggMTVoNy41bDE2LTE1SDEwNWM0LjQgMCA4LTMuNyA4LThWOWMwLTQuNC0zLjYtOC04LThIOXoiIGZpbGw9IiNmZmYiIHN0cm9rZT0iI2I1YjViNSIgc3Ryb2tlLXdpZHRoPSIyIj48L3BhdGg+PC9nPjwvc3ZnPg==);\n  background-size: cover;\n}\n .PIN_1492906832782_button_pin.PIN_1492906832782_tall.PIN_1492906832782_above.PIN_1492906832782_padded { \n  margin-top: 37px;\n}\n .PIN_1492906832782_button_pin.PIN_1492906832782_tall.PIN_1492906832782_beside .PIN_1492906832782_count { \n  text-indent: 5px;\n  position: absolute;\n  right: -63px;\n  height: inherit;\n  width: 63px;\n  font-size: 14px;\n  line-height: 28px;\n  background: transparent url(data:image/svg+xml;base64,PHN2ZyB4bWxucz0iaHR0cDovL3d3dy53My5vcmcvMjAwMC9zdmciIGhlaWdodD0iNTZweCIgd2lkdGg9IjEyNnB4IiB2aWV3Qm94PSIyIDAgMTMwIDYwIj48Zz48cGF0aCBkPSJNMTE5LjYgMmM0LjUgMCA4IDMuNiA4IDh2NDBjMCA0LjQtMy41IDgtOCA4SDIzLjNMMS42IDMyLjR2LTQuNkwyMy4zIDJoOTYuM3oiIGZpbGw9IiNmZmYiIHN0cm9rZT0iI2I1YjViNSIgc3Ryb2tlLXdpZHRoPSIyIj48L3BhdGg+PC9nPjwvc3ZnPg==);\n  background-size: cover;\n}\n .PIN_1492906832782_button_pin.PIN_1492906832782_tall.PIN_1492906832782_beside.PIN_1492906832782_padded { \n  margin-right: 63px;\n}\n .PIN_1492906832782_button_pin.PIN_1492906832782_tall.PIN_1492906832782_save { \n  border-radius: 4px;\n  width: auto;\n  background-position-x: 6px;\n  background-size: 18px 18px;\n  text-indent: 29px;\n  font: 14px/28px \"Helvetica Neue\", Helvetica, Arial, \"sans-serif\";\n  font-weight: bold;\n  padding: 0 6px 0 0;\n}\n .PIN_1492906832782_button_pin.PIN_1492906832782_tall.PIN_1492906832782_save .PIN_1492906832782_count { \n  position: absolute;\n  color: #555;\n  font-size: 12px;\n  text-indent: 0;\n  background: #efefef;\n  border-radius: 4px;\n}\n .PIN_1492906832782_button_pin.PIN_1492906832782_tall.PIN_1492906832782_save .PIN_1492906832782_count::before { \n  content: \"\";\n  position: absolute;\n}\n .PIN_1492906832782_button_pin.PIN_1492906832782_tall.PIN_1492906832782_save.PIN_1492906832782_above .PIN_1492906832782_count { \n  font-size: 14px;\n  top: -50px;\n  width: 100%;\n  height: 44px;\n  line-height: 44px;\n}\n .PIN_1492906832782_button_pin.PIN_1492906832782_tall.PIN_1492906832782_save.PIN_1492906832782_above .PIN_1492906832782_count::before { \n  bottom: -4px;\n  left: 7px;\n  border-top: 7px solid #efefef;\n  border-right: 7px solid transparent;\n  border-left: 7px solid transparent;\n}\n .PIN_1492906832782_button_pin.PIN_1492906832782_tall.PIN_1492906832782_save.PIN_1492906832782_beside .PIN_1492906832782_count { \n  font-size: 14px;\n  right: -63px;\n  width: 56px;\n  height: 28px;\n  line-height: 28px;\n}\n .PIN_1492906832782_button_pin.PIN_1492906832782_tall.PIN_1492906832782_save.PIN_1492906832782_beside .PIN_1492906832782_count::before { \n  top: 7px;\n  left: -4px;\n  border-right: 7px solid #efefef;\n  border-top: 7px solid transparent;\n  border-bottom: 7px solid transparent;\n}\n .PIN_1492906832782_button_pin.PIN_1492906832782_round { \n  height: 16px;\n  width: 16px;\n  background: transparent url(data:image/svg+xml;base64,PHN2ZyB4bWxucz0iaHR0cDovL3d3dy53My5vcmcvMjAwMC9zdmciIGhlaWdodD0iMzBweCIgd2lkdGg9IjMwcHgiIHZpZXdCb3g9Ii0xIC0xIDMxIDMxIj48Zz48cGF0aCBkPSJNMjkuNDQ5LDE0LjY2MiBDMjkuNDQ5LDIyLjcyMiAyMi44NjgsMjkuMjU2IDE0Ljc1LDI5LjI1NiBDNi42MzIsMjkuMjU2IDAuMDUxLDIyLjcyMiAwLjA1MSwxNC42NjIgQzAuMDUxLDYuNjAxIDYuNjMyLDAuMDY3IDE0Ljc1LDAuMDY3IEMyMi44NjgsMC4wNjcgMjkuNDQ5LDYuNjAxIDI5LjQ0OSwxNC42NjIiIGZpbGw9IiNmZmYiIHN0cm9rZT0iI2ZmZiIgc3Ryb2tlLXdpZHRoPSIxIj48L3BhdGg+PHBhdGggZD0iTTE0LjczMywxLjY4NiBDNy41MTYsMS42ODYgMS42NjUsNy40OTUgMS42NjUsMTQuNjYyIEMxLjY2NSwyMC4xNTkgNS4xMDksMjQuODU0IDkuOTcsMjYuNzQ0IEM5Ljg1NiwyNS43MTggOS43NTMsMjQuMTQzIDEwLjAxNiwyMy4wMjIgQzEwLjI1MywyMi4wMSAxMS41NDgsMTYuNTcyIDExLjU0OCwxNi41NzIgQzExLjU0OCwxNi41NzIgMTEuMTU3LDE1Ljc5NSAxMS4xNTcsMTQuNjQ2IEMxMS4xNTcsMTIuODQyIDEyLjIxMSwxMS40OTUgMTMuNTIyLDExLjQ5NSBDMTQuNjM3LDExLjQ5NSAxNS4xNzUsMTIuMzI2IDE1LjE3NSwxMy4zMjMgQzE1LjE3NSwxNC40MzYgMTQuNDYyLDE2LjEgMTQuMDkzLDE3LjY0MyBDMTMuNzg1LDE4LjkzNSAxNC43NDUsMTkuOTg4IDE2LjAyOCwxOS45ODggQzE4LjM1MSwxOS45ODggMjAuMTM2LDE3LjU1NiAyMC4xMzYsMTQuMDQ2IEMyMC4xMzYsMTAuOTM5IDE3Ljg4OCw4Ljc2NyAxNC42NzgsOC43NjcgQzEwLjk1OSw4Ljc2NyA4Ljc3NywxMS41MzYgOC43NzcsMTQuMzk4IEM4Ljc3NywxNS41MTMgOS4yMSwxNi43MDkgOS43NDksMTcuMzU5IEM5Ljg1NiwxNy40ODggOS44NzIsMTcuNiA5Ljg0LDE3LjczMSBDOS43NDEsMTguMTQxIDkuNTIsMTkuMDIzIDkuNDc3LDE5LjIwMyBDOS40MiwxOS40NCA5LjI4OCwxOS40OTEgOS4wNCwxOS4zNzYgQzcuNDA4LDE4LjYyMiA2LjM4NywxNi4yNTIgNi4zODcsMTQuMzQ5IEM2LjM4NywxMC4yNTYgOS4zODMsNi40OTcgMTUuMDIyLDYuNDk3IEMxOS41NTUsNi40OTcgMjMuMDc4LDkuNzA1IDIzLjA3OCwxMy45OTEgQzIzLjA3OCwxOC40NjMgMjAuMjM5LDIyLjA2MiAxNi4yOTcsMjIuMDYyIEMxNC45NzMsMjIuMDYyIDEzLjcyOCwyMS4zNzkgMTMuMzAyLDIwLjU3MiBDMTMuMzAyLDIwLjU3MiAxMi42NDcsMjMuMDUgMTIuNDg4LDIzLjY1NyBDMTIuMTkzLDI0Ljc4NCAxMS4zOTYsMjYuMTk2IDEwLjg2MywyNy4wNTggQzEyLjA4NiwyNy40MzQgMTMuMzg2LDI3LjYzNyAxNC43MzMsMjcuNjM3IEMyMS45NSwyNy42MzcgMjcuODAxLDIxLjgyOCAyNy44MDEsMTQuNjYyIEMyNy44MDEsNy40OTUgMjEuOTUsMS42ODYgMTQuNzMzLDEuNjg2IiBmaWxsPSIjYmQwODFjIj48L3BhdGg+PC9nPjwvc3ZnPg==) 0 0 no-repeat;\n  background-size: 16px 16px;\n  box-shadow: none;\n}\n .PIN_1492906832782_button_pin.PIN_1492906832782_round.PIN_1492906832782_tall { \n  height: 32px;\n  width: 32px;\n  background-size: 32px 32px;\n}\n</style></head>\n  <!-- OXID eShop Enterprise Edition, Version 5, Shopping Cart System (c) OXID eSales AG 2003 - 2017 - http://www.oxid-esales.com -->\n<body>\n                            <div class=\"page_header float_left\">\n            <div class=\"grid_master box_centered\">\n                <div class=\"grid4_2 text_header\" style=\"width:270px;\">\n                    Beste Qualität ist unser Anspruch\n                </div>\n                <div class=\"grid4_2 text_header text_centered\" style=\"width:430px;margin-left: 3px;\">\n                    <a title=\"\" href=\"http://www.lieferello.de/Bio\" btattached=\"true\">Entdecken Sie unser Bio-Sortiment</a>\n                </div>\n                <div class=\"grid4_2 text_header float_right text_right\" style=\"width:270px;\">\n                    <a href=\"http://www.lieferello.de/Versand-und-Kosten/\" title=\"weitere Informationen zum Versand\" rel=\"nofollow\" btattached=\"true\">Kostenloser Versand ab 39 € mit DHL</a>&nbsp;\n                </div>\n            </div>\n        </div>\n        <div class=\"content_main\">\n            <div id=\"back-top\" style=\"display: none;\">\n                <a href=\"#top\" btattached=\"true\"><span></span></a>\n            </div>\n            <div class=\"content_main_background_head\" style=\"background-image: url('https://www.lieferello.de/out/lieferello/src/img/lieferello-bg-food.jpg')\">\n                <div class=\"grid_master box_centered\">\n                                                \n<a name=\"headerTop\" btattached=\"true\"></a>\n<header class=\"box_head_main\">\n    <div class=\"grid4_4 box_head_logo\">\n        <a href=\"http://www.lieferello.de/\" class=\"image_logo display_block\" alt=\"Lieferello  ...food and more!\" btattached=\"true\">\n            <h1>                Lieferello  ...food and more!\n            </h1>        </a>\n    </div>\n    <div>\n        <div class=\"box_head_top text_right\">\n                        <span class=\"text_head_link\">\n                                    \n    \n        \n                        <a href=\"https://www.lieferello.de/mein-konto/\" rel=\"nofollow\" btattached=\"true\"><span>Mein Konto</span></a> |\n                            <a href=\"http://www.lieferello.de/mein-produktvergleich/\" rel=\"nofollow\" btattached=\"true\"><span>Mein Artikelvergleich</span></a> |\n                                        <a href=\"http://www.lieferello.de/mein-merkzettel/\" rel=\"nofollow\" btattached=\"true\"><span>Mein Merkzettel</span></a> |\n                                            \n    \n </span>\n \n \n \n \n    <a href=\"https://www.lieferello.de/mein-konto/\" title=\"Anmelden\" class=\"text_head_linklogin\" btattached=\"true\">Anmelden</a>\n\n\n\n\n\n\n\n\n\n\n\n\n\n\n\n        </div>\n    </div>\n    <script>\n        $(function(){\n            $('#basketBlock').addClass('cursor_pointer');\n            $('#basketBlock').click(function(){\n                window.location = \"http://www.lieferello.de/warenkorb/\";\n            });\n        });\n    </script>\n    <div class=\"float_right grid4_4 clear clearfix cursor_pointer\" id=\"basketBlock\">\n                                            <div class=\"text_head_warenkorb float_left\">\n            <div class=\"text_head_warenkorb_artikel float_right text_centered\"><span id=\"headerBasketCount\"></span> Artikel</div>\n            <div class=\"text_head_warenkorb_mwk float_right\">Mein Warenkorb</div>\n        </div>\n        <script type=\"application/javascript\">\n            document.getElementById(\"headerBasketCount\").innerHTML=\"\";\n        </script>\n        <div class=\"image_head_warenkorb float_right\">\n            <a href=\"http://www.lieferello.de/warenkorb/\" btattached=\"true\">\n                <img class=\"image_warenkorb\" src=\"https://www.lieferello.de/out/lieferello/src/img/s.png\" alt=\"logo\" width=\"46\" height=\"44\">\n            </a>\n        </div>\n    </div>\n    <div class=\"float_left\">\n        <div class=\"box_head_search float_left\">\n            \n            \n        \n        <form class=\"form_search\" action=\"https://www.lieferello.de/index.php?\" method=\"get\" name=\"search\">\n            \n<input type=\"hidden\" name=\"lang\" value=\"0\">\n            <input type=\"hidden\" name=\"cl\" value=\"search\">\n            <div class=\"float_left\">\n                \n                    <input type=\"text\" id=\"searchParam\" name=\"searchparam\" value=\"\" class=\"form_search_text box_corners ui-autocomplete-input\" placeholder=\"Suche\" autocomplete=\"off\"><span role=\"status\" aria-live=\"polite\" class=\"ui-helper-hidden-accessible\"></span>\n                \n            </div>\n            <div class=\"float_left\">\n                <input type=\"submit\" class=\"form_submit cursor_pointer box_corners\" value=\"Los »\">\n            </div>\n        </form>\n            </div>\n    </div>\n    <div class=\"clear clearfix\" style=\"clear:both;\"></div>\n    <nav>\n        <div class=\"nav absolute\">\n            <ul id=\"navigator\">\n                                <li class=\"nav_list_1\">\n                    <a class=\"padlink\" href=\"http://www.lieferello.de/mehr/\" number=\"1\" btattached=\"true\">Sortiment</a>\n                                           <div class=\"nav_hover_1\"></div>\n                    <div class=\"nav_extender\"></div>\n                    <div class=\"nav_container\">\n                        <div class=\"nav_grid_left nav_grid_height padding_left_small\">\n                                                                                        <h6>Topmarken</h6>\n                                                                                                                                                    <div class=\"nav_grid_left padding_left_small\">\n                                                                        <div class=\"topMarken_box\">\n                                        <a href=\"http://www.lieferello.de/Proviant/\" title=\"Proviant\" btattached=\"true\">\n                                            <img src=\"https://www.lieferello.de/out/pictures/generated/manufacturer/icon/100_100_85/proviant.jpg\" alt=\"Proviant\">\n                                        </a>\n                                    </div>\n                                                                                                        <div class=\"topMarken_box\">\n                                        <a href=\"http://www.lieferello.de/Tanqueray/\" title=\"Tanqueray\" btattached=\"true\">\n                                            <img src=\"https://www.lieferello.de/out/pictures/generated/manufacturer/icon/100_100_85/tanqeray.jpg\" alt=\"Tanqueray\">\n                                        </a>\n                                    </div>\n                                                                                                                                                        </div>\n                                                                                <div class=\"nav_grid_left padding_left_small\">\n                                                                        <div class=\"topMarken_box\">\n                                        <a href=\"http://www.lieferello.de/Jamie-Oliver/\" title=\"Jamie Oliver\" btattached=\"true\">\n                                            <img src=\"https://www.lieferello.de/out/pictures/generated/manufacturer/icon/100_100_85/jamieoliver.jpg\" alt=\"Jamie Oliver\">\n                                        </a>\n                                    </div>\n                                                                                                        <div class=\"topMarken_box\">\n                                        <a href=\"http://www.lieferello.de/Cipriani/\" title=\"Cipriani\" btattached=\"true\">\n                                            <img src=\"https://www.lieferello.de/out/pictures/generated/manufacturer/icon/100_100_85/cipriani.jpg\" alt=\"Cipriani\">\n                                        </a>\n                                    </div>\n                                                                                                                                                        </div>\n                                                                                <div class=\"nav_grid_left padding_left_small\">\n                                                                        <div class=\"topMarken_box\">\n                                        <a href=\"http://www.lieferello.de/Sansibar/\" title=\"Sansibar\" btattached=\"true\">\n                                            <img src=\"https://www.lieferello.de/out/pictures/generated/manufacturer/icon/100_100_85/sansibar.jpg\" alt=\"Sansibar\">\n                                        </a>\n                                    </div>\n                                                                                                        <div class=\"topMarken_box\">\n                                        <a href=\"http://www.lieferello.de/Gepa/\" title=\"Gepa\" btattached=\"true\">\n                                            <img src=\"https://www.lieferello.de/out/pictures/generated/manufacturer/icon/100_100_85/gepa.jpg\" alt=\"Gepa\">\n                                        </a>\n                                    </div>\n                                                                                                                                                        </div>\n                                                                                <div class=\"nav_grid_left padding_left_small\">\n                                                                        <div class=\"topMarken_box\">\n                                        <a href=\"http://www.lieferello.de/AKI/\" title=\"AKI\" btattached=\"true\">\n                                            <img src=\"https://www.lieferello.de/out/pictures/generated/manufacturer/icon/100_100_85/aki-logo-cmyk(1).jpg\" alt=\"AKI\">\n                                        </a>\n                                    </div>\n                                                                                                        <div class=\"topMarken_box\">\n                                        <a href=\"http://www.lieferello.de/de-Buyer/\" title=\"de Buyer\" btattached=\"true\">\n                                            <img src=\"https://www.lieferello.de/out/pictures/generated/manufacturer/icon/100_100_85/debuyer.jpg\" alt=\"de Buyer\">\n                                        </a>\n                                    </div>\n                                                                                                                                                        </div>\n                                                                                <div class=\"nav_grid_left padding_left_small\">\n                                                                        <div class=\"topMarken_box\">\n                                        <a href=\"http://www.lieferello.de/Duc-d-O/\" title=\"Duc d'O\" btattached=\"true\">\n                                            <img src=\"https://www.lieferello.de/out/pictures/generated/manufacturer/icon/100_100_85/duc-do.jpg\" alt=\"Duc d'O\">\n                                        </a>\n                                    </div>\n                                                                                                        <div class=\"topMarken_box\">\n                                        <a href=\"http://www.lieferello.de/Dr-Schaer/\" title=\"Dr.Schär\" btattached=\"true\">\n                                            <img src=\"https://www.lieferello.de/out/pictures/generated/manufacturer/icon/100_100_85/drschar.jpg\" alt=\"Dr.Schär\">\n                                        </a>\n                                    </div>\n                                                                                                                                                        </div>\n                                                                                <div class=\"nav_grid_left padding_left_small\">\n                                                                        <div class=\"topMarken_box\">\n                                        <a href=\"http://www.lieferello.de/Leysieffer/\" title=\"Leysieffer\" btattached=\"true\">\n                                            <img src=\"https://www.lieferello.de/out/pictures/generated/manufacturer/icon/100_100_85/leysieffer.jpg\" alt=\"Leysieffer\">\n                                        </a>\n                                    </div>\n                                                                                                        <div class=\"topMarken_box\">\n                                        <a href=\"http://www.lieferello.de/SchwedenShop/Fria/\" title=\"Fria\" btattached=\"true\">\n                                            <img src=\"https://www.lieferello.de/out/pictures/generated/manufacturer/icon/100_100_85/fria.jpg\" alt=\"Fria\">\n                                        </a>\n                                    </div>\n                                                                </div>\n                                <a href=\"http://www.lieferello.de/Nach-Hersteller/\" class=\"text_centered\" btattached=\"true\">Alle Marken anzeigen</a>\n                            \n                            \n                                                    </div>\n                                                <!-- Tree Item -->\n \n                    \n                <div class=\"nav_grid_main nav_grid_height footer_shadow_big\">\n        <ul>\n        <li>\n        <a href=\"http://www.lieferello.de/Spezialernaehrung/\" btattached=\"true\">Spezialernährung</a>\n                    <ul>\n                                    <li><a href=\"http://www.lieferello.de/Spezialernaehrung/Vegan/\" btattached=\"true\">Vegan</a></li>\n                    \n                                    <li><a href=\"http://www.lieferello.de/Spezialernaehrung/Glutenfrei/\" btattached=\"true\">Glutenfrei</a></li>\n                    \n                                    <li><a href=\"http://www.lieferello.de/Spezialernaehrung/Laktosefrei/\" btattached=\"true\">Laktosefrei</a></li>\n                    \n                                    <li><a href=\"http://www.lieferello.de/Spezialernaehrung/Eiweissprodukte/\" btattached=\"true\">Fitnessartikel</a></li>\n                    \n                                    <li><a href=\"http://www.lieferello.de/Spezialernaehrung/Superfood/\" btattached=\"true\">Superfood</a></li>\n                    \n                            </ul>\n            </li>\n    \n        <li>\n        <a href=\"http://www.lieferello.de/Schweden-Shop/\" btattached=\"true\">Schweden Shop</a>\n                    <ul>\n                                    <li><a href=\"http://www.lieferello.de/Schweden-Shop/Getraenke-Spirituosen/\" btattached=\"true\">Getränke &amp; Spirituosen</a></li>\n                    \n                                    <li><a href=\"http://www.lieferello.de/Schweden-Shop/Suess-Salzig/\" btattached=\"true\">Süß &amp; Salzig</a></li>\n                    \n                                    <li><a href=\"http://www.lieferello.de/Schweden-Shop/Knaecke-Brot/\" btattached=\"true\">Knäcke- &amp; Brot</a></li>\n                    \n                                    <li><a href=\"http://www.lieferello.de/Schweden-Shop/Glutenfrei/\" btattached=\"true\">Glutenfrei</a></li>\n                    \n                                    <li><a href=\"http://www.lieferello.de/Schweden-Shop/Frische-Produkte/\" btattached=\"true\">Frische Produkte</a></li>\n                    \n                                    <li><a href=\"http://www.lieferello.de/Schweden/Tiefkuehlprodukte/\" btattached=\"true\">Tiefkühlprodukte</a></li>\n                    \n                                    <li><a href=\"http://www.lieferello.de/Schweden-Shop/Mittsommer/\" btattached=\"true\">Mittsommer</a></li>\n                    \n                            </ul>\n            </li>\n    \n        <li>\n        <a href=\"http://www.lieferello.de/Finnland-Shop/\" btattached=\"true\">Finnland</a>\n                    <ul>\n                                    <li><a href=\"http://www.lieferello.de/Finnland-Shop/Getraenke/\" btattached=\"true\">Getränke</a></li>\n                    \n                                    <li><a href=\"http://www.lieferello.de/Finnland-Shop/Suesses-Snacks/\" btattached=\"true\">Süßes &amp; Snacks</a></li>\n                    \n                                    <li><a href=\"http://www.lieferello.de/Finnland-Shop/Fruehstueck/\" btattached=\"true\">Frühstück</a></li>\n                    \n                            </ul>\n            </li>\n    \n        <li>\n        <a href=\"http://www.lieferello.de/Bio/\" btattached=\"true\">Bio</a>\n                    <ul>\n                                    <li><a href=\"http://www.lieferello.de/Bio/Getraenke/\" btattached=\"true\">Getränke</a></li>\n                    \n                                    <li><a href=\"http://www.lieferello.de/Bio-Tee-Kaffee-Kakao/\" btattached=\"true\">Tee, Kaffee &amp; Kakao</a></li>\n                    \n                                    <li><a href=\"http://www.lieferello.de/Bio-Superfood/\" btattached=\"true\">Superfood</a></li>\n                    \n                                    <li><a href=\"http://www.lieferello.de/Bio/Babynahrung/\" btattached=\"true\">Babynahrung</a></li>\n                    \n                                    <li><a href=\"http://www.lieferello.de/Bio/Drogerie/\" btattached=\"true\">Drogerie</a></li>\n                    \n                                    <li><a href=\"http://www.lieferello.de/Bio/Milch-Milchersatzprodukte/\" btattached=\"true\">Milch- &amp; Milchersatzprodukte</a></li>\n                    \n                                    <li><a href=\"http://www.lieferello.de/Bio/Geschenk-Sets/\" btattached=\"true\">Geschenk-Sets</a></li>\n                    \n                                    <li><a href=\"http://www.lieferello.de/Bio/Suesses-Snacks/\" btattached=\"true\">Süßes &amp; Snacks</a></li>\n                    \n                                    <li><a href=\"http://www.lieferello.de/Bio/Kochen-Backen/\" btattached=\"true\">Kochen &amp; Backen</a></li>\n                    \n                                    <li><a href=\"http://www.lieferello.de/Bio/Fruehstueck-Baeckerei/\" btattached=\"true\">Frühstück &amp; Bäckerei</a></li>\n                    \n                            </ul>\n            </li>\n    \n        <li>\n        <a href=\"http://www.lieferello.de/Feinkost-Spezialitaeten/\" btattached=\"true\">Feinkost &amp; Spezialitäten</a>\n                    <ul>\n                                    <li><a href=\"http://www.lieferello.de/Internationale-Spezialitaeten/\" btattached=\"true\">Internationale Spezialitäten</a></li>\n                    \n                                    <li><a href=\"http://www.lieferello.de/Feinkost/\" btattached=\"true\">Feinkost</a></li>\n                    \n                            </ul>\n            </li>\n    \n        <li>\n        <a href=\"http://www.lieferello.de/Getraenke/\" btattached=\"true\">Getränke</a>\n                    <ul>\n                                    <li><a href=\"http://www.lieferello.de/Wein/\" btattached=\"true\">Wein</a></li>\n                    \n                                    <li><a href=\"http://www.lieferello.de/Schaumweine/\" btattached=\"true\">Champagner, Sekt &amp; Prosecco</a></li>\n                    \n                                    <li><a href=\"http://www.lieferello.de/Spirituosen/\" btattached=\"true\">Spirituosen</a></li>\n                    \n                                    <li><a href=\"http://www.lieferello.de/Bier/\" btattached=\"true\">Bier</a></li>\n                    \n                                    <li><a href=\"http://www.lieferello.de/Alkoholfreie-Getraenke/\" btattached=\"true\">Alkoholfreie Getränke</a></li>\n                    \n                                    <li><a href=\"http://www.lieferello.de/Kaffee-Tee-Kakao/\" btattached=\"true\">Kaffee, Tee &amp; Kakao</a></li>\n                    \n                                    <li><a href=\"http://www.lieferello.de/Sirup-Konzentrate/\" btattached=\"true\">Sirup &amp; Konzentrate</a></li>\n                    \n                                    <li><a href=\"http://www.lieferello.de/Getraenke/Heavy-Metal-Rock-Drinks/\" btattached=\"true\">Heavy Metal&amp;Rock Drinks</a></li>\n                    \n                            </ul>\n            </li>\n    \n                    \n        </ul></div>        <div class=\"nav_grid_main nav_grid_height \">\n        <ul>\n        <li>\n        <a href=\"http://www.lieferello.de/Kochen-Backen/\" btattached=\"true\">Kochen &amp; Backen</a>\n                    <ul>\n                                    <li><a href=\"http://www.lieferello.de/Mehl-Zucker-Backzutaten/\" btattached=\"true\">Mehl, Zucker &amp; Backzutaten</a></li>\n                    \n                                    <li><a href=\"http://www.lieferello.de/Desserts/\" btattached=\"true\">Desserts</a></li>\n                    \n                                    <li><a href=\"http://www.lieferello.de/Instant-Fertiggerichte/\" btattached=\"true\">Instant- &amp; Fertiggerichte</a></li>\n                    \n                                    <li><a href=\"http://www.lieferello.de/Fonds-Saucen-Senf/\" btattached=\"true\">Fonds, Saucen &amp; Senf</a></li>\n                    \n                                    <li><a href=\"http://www.lieferello.de/Essige-Oele-Fette-Dressings/\" btattached=\"true\">Essige, Öle, Fette &amp; Dressings</a></li>\n                    \n                                    <li><a href=\"http://www.lieferello.de/Gewuerze-Kraeuter-Salze/\" btattached=\"true\">Gewürze, Kräuter &amp; Salze</a></li>\n                    \n                                    <li><a href=\"http://www.lieferello.de/Pasta-Reis-Co/\" btattached=\"true\">Pasta, Reis &amp; Co</a></li>\n                    \n                            </ul>\n            </li>\n    \n        <li>\n        <a href=\"http://www.lieferello.de/Haushalt-Drogerie/\" btattached=\"true\">Haushalt &amp; Drogerie</a>\n                    <ul>\n                                    <li><a href=\"http://www.lieferello.de/Haushalt-Drogerie/Glaeser-Besteck/\" btattached=\"true\">Gläser &amp; Besteck</a></li>\n                    \n                                    <li><a href=\"http://www.lieferello.de/Dekoration/\" btattached=\"true\">Dekoration</a></li>\n                    \n                                    <li><a href=\"http://www.lieferello.de/Kueche/\" btattached=\"true\">Küchenhelfer &amp; Küchenmaschinen</a></li>\n                    \n                                    <li><a href=\"http://www.lieferello.de/Drogerie/\" btattached=\"true\">Drogerie </a></li>\n                    \n                            </ul>\n            </li>\n    \n        <li>\n        <a href=\"http://www.lieferello.de/Suesses-Snacks/\" btattached=\"true\">Süßes &amp; Snacks</a>\n                    <ul>\n                                    <li><a href=\"http://www.lieferello.de/Suesswaren/\" btattached=\"true\">Süßwaren</a></li>\n                    \n                                    <li><a href=\"http://www.lieferello.de/Snacks/\" btattached=\"true\">Snacks</a></li>\n                    \n                            </ul>\n            </li>\n    \n        <li>\n        <a href=\"http://www.lieferello.de/Fruehstueck-Baeckerei/\" btattached=\"true\">Frühstück &amp; Bäckerei</a>\n                    <ul>\n                                    <li><a href=\"http://www.lieferello.de/Brot-Backwaren/\" btattached=\"true\">Brot &amp; Backwaren</a></li>\n                    \n                                    <li><a href=\"http://www.lieferello.de/Muesli-Cerealien/\" btattached=\"true\">Müsli &amp; Cerealien</a></li>\n                    \n                                    <li><a href=\"http://www.lieferello.de/Fruehstueck-Baeckerei/Brotaufstriche/\" btattached=\"true\">Brotaufstriche</a></li>\n                    \n                                    <li><a href=\"http://www.lieferello.de/Kaffee-Tee-Kakao/?\" btattached=\"true\">Kaffee, Tee &amp; Kakao</a></li>\n                    \n                            </ul>\n            </li>\n    \n        <li>\n        <a href=\"http://www.lieferello.de/Geschenkideen/\" btattached=\"true\">Geschenkideen</a>\n                    <ul>\n                                    <li><a href=\"http://www.lieferello.de/Genuss-verschenken/\" btattached=\"true\">Genuss verschenken</a></li>\n                    \n                                    <li><a href=\"http://www.lieferello.de/XXL-Lebensmittel/\" btattached=\"true\">XXL Lebensmittel</a></li>\n                    \n                                    <li><a href=\"http://www.lieferello.de/Geschenk-Sets/\" btattached=\"true\">Weitere Geschenkideen</a></li>\n                    \n                                    <li><a href=\"http://www.lieferello.de/Geschenkgutscheine/\" btattached=\"true\">Geschenkgutscheine</a></li>\n                    \n                                    <li><a href=\"http://www.lieferello.de/Geschenkideen/Schoen-verpackt/\" btattached=\"true\">Schön verpackt</a></li>\n                    \n                            </ul>\n            </li>\n    \n        <li>\n        <a href=\"http://www.lieferello.de/Kuehlprodukte-oxid/\" btattached=\"true\">Kühlprodukte</a>\n                    <ul>\n                                    <li><a href=\"http://www.lieferello.de/Milchprodukte-Kaese/\" btattached=\"true\">Käse, Milchprodukte &amp; Co</a></li>\n                    \n                                    <li><a href=\"http://www.lieferello.de/Kuehlprodukte/Fleisch-Gefluegel-Wurst/\" btattached=\"true\">Fleisch, Geflügel &amp; Wurst</a></li>\n                    \n                                    <li><a href=\"http://www.lieferello.de/Kuehlprodukte/Vegetarisch-Vegan/\" btattached=\"true\">Vegetarisch &amp; Vegan</a></li>\n                    \n                                    <li><a href=\"http://www.lieferello.de/Kuehlprodukte/Fisch/\" btattached=\"true\">Fisch</a></li>\n                    \n                                    <li><a href=\"http://www.lieferello.de/Kuehlprodukte/Smoothies-frische-Saefte/\" btattached=\"true\">Smoothies &amp; frische Säfte</a></li>\n                    \n                                    <li><a href=\"http://www.lieferello.de/Kuehlprodukte/Brot-Broetchen-Teige/\" btattached=\"true\">Brot, Brötchen &amp; Teige</a></li>\n                    \n                                    <li><a href=\"http://www.lieferello.de/Kuehlprodukte/Fertiggerichte/\" btattached=\"true\">Fertiggerichte</a></li>\n                    \n                            </ul>\n            </li>\n    \n                    \n        </ul></div>        <div class=\"nav_grid_main nav_grid_height \">\n        <ul>\n        <li>\n        <a href=\"http://www.lieferello.de/Fairtrade/\" btattached=\"true\">Fairtrade</a>\n            </li>\n    \n        <li>\n        <a href=\"http://www.lieferello.de/Frisches-Obst/\" btattached=\"true\">Obst &amp; Gemüse</a>\n                    <ul>\n                                    <li><a href=\"http://www.lieferello.de/Frisches-Obst/Obst/\" btattached=\"true\">Obst</a></li>\n                    \n                                    <li><a href=\"http://www.lieferello.de/Frisches-Obst/Gemuese/\" btattached=\"true\">Gemüse</a></li>\n                    \n                                    <li><a href=\"http://www.lieferello.de/Trockenobst/?\" btattached=\"true\">Trockenfrüchte &amp; Kerne</a></li>\n                    \n                                    <li><a href=\"http://www.lieferello.de/Frisches-Obst/Frische-Kraeuter/\" btattached=\"true\">Frische Kräuter</a></li>\n                    \n                            </ul>\n            </li>\n    \n        <li>\n        <a href=\"http://www.lieferello.de/Gastronomie-Bedarf/\" btattached=\"true\">Gastronomie-Bedarf</a>\n            </li>\n    \n        <li>\n        <a href=\"http://www.lieferello.de/Grillen1/\" btattached=\"true\">Grillen</a>\n                    <ul>\n                                    <li><a href=\"http://www.lieferello.de/Grills/\" btattached=\"true\">Grills</a></li>\n                    \n                                    <li><a href=\"http://www.lieferello.de/Grillzubehoer/\" btattached=\"true\">Grillzubehör</a></li>\n                    \n                                    <li><a href=\"http://www.lieferello.de/Garten-Grill-Grillgut/\" btattached=\"true\">Grillgut</a></li>\n                    \n                                    <li><a href=\"http://www.lieferello.de/Garten-Grill/Saucen-Gewuerze/\" btattached=\"true\">Saucen &amp; Gewürze</a></li>\n                    \n                            </ul>\n            </li>\n    \n        <li>\n        <a href=\"http://www.lieferello.de/and-more/\" btattached=\"true\">...and more</a>\n            </li>\n    \n        <li>\n        <a href=\"http://www.lieferello.de/Tiefkuehlprodukte/\" btattached=\"true\">Tiefkühlprodukte</a>\n                    <ul>\n                                    <li><a href=\"http://www.lieferello.de/Tiefkuehlprodukte/Fisch/\" btattached=\"true\">Fisch</a></li>\n                    \n                                    <li><a href=\"http://www.lieferello.de/Tiefkuehlprodukte/Brot-Broetchen-Teige/\" btattached=\"true\">Brot, Brötchen &amp; Teige</a></li>\n                    \n                                    <li><a href=\"http://www.lieferello.de/Tiefkuehlprodukte/Fleisch-Gefluegel/\" btattached=\"true\">Fleisch &amp; Geflügel </a></li>\n                    \n                                    <li><a href=\"http://www.lieferello.de/Tiefkuehlprodukte/Pizza-Fertiggerichte/\" btattached=\"true\">Pizza &amp; Fertiggerichte</a></li>\n                    \n                                    <li><a href=\"http://www.lieferello.de/Tiefkuehlprodukte/Obst-Eiscreme-Kuchen/\" btattached=\"true\">Obst, Eiscreme &amp; Kuchen</a></li>\n                    \n                                    <li><a href=\"http://www.lieferello.de/Tiefkuehlprodukte/Gemuese-Kraeuter-Kartoffelprodukte/\" btattached=\"true\">Gemüse, Kräuter &amp; Kartoffelprodukte</a></li>\n                    \n                                    <li><a href=\"http://www.lieferello.de/Tiefkuehlprodukte/Fleischersatzprodukte/\" btattached=\"true\">Fleischersatzprodukte</a></li>\n                    \n                            </ul>\n            </li>\n    \n        <li>\n        <a href=\"http://www.lieferello.de/Gourmet-Angebote/\" btattached=\"true\">Gourmet-Angebote</a>\n            </li>\n    \n        <li>\n        <a href=\"http://www.lieferello.de/Neu-bei-Lieferello/\" btattached=\"true\">Neu bei Lieferello</a>\n                    <ul>\n                                    <li><a href=\"http://www.lieferello.de/Neu-bei-Lieferello/Hoehle-der-Loewen/\" btattached=\"true\">Höhle der Löwen</a></li>\n                    \n                            </ul>\n            </li>\n    \n        <li>\n        <a href=\"http://www.lieferello.de/Fussballfieber/\" btattached=\"true\">Fußballfieber</a>\n                    <ul>\n                                    <li><a href=\"http://www.lieferello.de/Fussballfieber-Alles-fuer-den-Fan/\" btattached=\"true\">Alles für den Fan</a></li>\n                    \n                                    <li><a href=\"http://www.lieferello.de/Fussballfieber-Public-Viewing/\" btattached=\"true\">Public Viewing</a></li>\n                    \n                            </ul>\n            </li>\n    \n        <li>\n        <a href=\"http://www.lieferello.de/Geschnuertes-Paeckchen/\" btattached=\"true\">Geschnürtes Päckchen</a>\n                    <ul>\n                                    <li><a href=\"http://www.lieferello.de/Geschnuertes-Paeckchen/Liebhabervorteil/\" btattached=\"true\">Liebhabervorteil</a></li>\n                    \n                                    <li><a href=\"http://www.lieferello.de/Geschnuertes-Paeckchen/Zum-Probieren/\" btattached=\"true\">Zum Probieren</a></li>\n                    \n                                    <li><a href=\"http://www.lieferello.de/Geschnuertes-Paeckchen/Anregung-gefaellig/\" btattached=\"true\">Anregung gefällig?</a></li>\n                    \n                            </ul>\n            </li>\n    \n        <li>\n        <a href=\"http://www.lieferello.de/Muttertag/\" btattached=\"true\">Muttertag</a>\n                    <ul>\n                                    <li><a href=\"http://www.lieferello.de/Essen-Trinken-Geschenkideen-Themen/Fuer-die-Liebsten/?\" btattached=\"true\">Geschenkideen</a></li>\n                    \n                                    <li><a href=\"http://www.lieferello.de/Muttertag/Suesses/\" btattached=\"true\">Süßes</a></li>\n                    \n                            </ul>\n            </li>\n    \n        <li>\n        <a href=\"http://www.lieferello.de/Vatertag/\" btattached=\"true\">Vatertag</a>\n                    <ul>\n                                    <li><a href=\"http://www.lieferello.de/Grillen1/?\" btattached=\"true\">On Tour - Grillen</a></li>\n                    \n                                    <li><a href=\"http://www.lieferello.de/Essen-Trinken-Geschenkideen-Themen/Fuer-die-Liebsten/?\" btattached=\"true\">Geschenkideen</a></li>\n                    \n                                    <li><a href=\"http://www.lieferello.de/Getraenke/?\" btattached=\"true\">Getränke</a></li>\n                    \n                            </ul>\n            </li>\n    \n</ul></div>\n            <div class=\"nav_grid_main nav_grid_height\"></div>\n                                                    <div class=\"nav_grid_special nav_grid_fullHeight\">\n                            <div class=\"nav_grid_special nav_grid_height box_border_dashed_left\">\n                                 <!-- menuSpecials -->\n                                                                    <ul>\n                                        <li>\n                                            <a btattached=\"true\">Specials</a>\n                                            <ul id=\"specialLinks\">\n                                                                                                    <li>\n                                                        <a id=\"mainTeaserItem_1\" href=\"http://www.lieferello.de/Schweden-Shop/?utm_source=int&amp;utm_campaign=201702_bsm_se\" btattached=\"true\">Schwedische Spezialitäten</a>\n                                                    </li>\n                                                                                                    <li>\n                                                        <a id=\"mainTeaserItem_2\" href=\"http://www.lieferello.de/Spezialernaehrung/?utm_source=int&amp;utm_campaign=201702_bsm_spez\" btattached=\"true\">Spezialernährung</a>\n                                                    </li>\n                                                                                                    <li>\n                                                        <a id=\"mainTeaserItem_3\" href=\"http://www.lieferello.de/Feinkost/?utm_source=int&amp;utm_campaign=201702_bsm_feik\" btattached=\"true\">Feinkost entdecken</a>\n                                                    </li>\n                                                                                                    <li>\n                                                        <a id=\"mainTeaserItem_4\" href=\"http://www.lieferello.de/Genuss-verschenken/?utm_source=int&amp;utm_campaign=201702_bsm_gens\" btattached=\"true\">Genuss verschenken</a>\n                                                    </li>\n                                                                                            </ul>\n                                        </li>\n                                    </ul>\n                                    <div class=\"nav_grid_special_teaser padding_left_small\">\n                                        <div id=\"specialImages\" class=\"teaserBox_Special float_left relative\">\n                                                                                <a href=\"http://www.lieferello.de/Schweden-Shop/?utm_source=int&amp;utm_campaign=201702_bsm_se\" class=\"mainTeaserItem_1 display_asBlock width_full height_full\" style=\"background: url(&quot;https://www.lieferello.de/out/pictures/promo/schweden_lachs.jpg&quot;) no-repeat; display: inline;\" btattached=\"true\"></a>\n                                                                                <a href=\"http://www.lieferello.de/Spezialernaehrung/?utm_source=int&amp;utm_campaign=201702_bsm_spez\" class=\"mainTeaserItem_2 display_asBlock width_full height_full\" style=\"background: url(&quot;https://www.lieferello.de/out/pictures/promo/spezialernaehrung.jpg&quot;) no-repeat; display: none;\" btattached=\"true\"></a>\n                                                                                <a href=\"http://www.lieferello.de/Feinkost/?utm_source=int&amp;utm_campaign=201702_bsm_feik\" class=\"mainTeaserItem_3 display_asBlock width_full height_full\" style=\"background: url(&quot;https://www.lieferello.de/out/pictures/promo/feinkost.jpg&quot;) no-repeat; display: none;\" btattached=\"true\"></a>\n                                                                                <a href=\"http://www.lieferello.de/Genuss-verschenken/?utm_source=int&amp;utm_campaign=201702_bsm_gens\" class=\"mainTeaserItem_4 display_asBlock width_full height_full\" style=\"background: url(&quot;https://www.lieferello.de/out/pictures/promo/genussverschenken_va2.jpg&quot;) no-repeat; display: none;\" btattached=\"true\"></a>\n                                                                            </div>\n                                    </div>\n                                                                                            </div>\n                        </div>\n                        <div class=\"clear clearfix\"></div>\n                        <div class=\"navigationMenuFader\">\n                            <div class=\"bgimg\"></div>\n                        </div>\n                    </div>\n                </li>\n\n                                                                                            \n                        <li class=\"nav_list_rest nav_list_2\">\n                            <a class=\"padlink\" href=\"http://www.lieferello.de/Geschenkideen/\" number=\"2\" btattached=\"true\">Geschenkideen</a>\n                            <div class=\"nav_hover_2\"></div>\n                            <div class=\"nav_extender\"></div>\n                            <div class=\"nav_container\">\n                                <div class=\"nav_grid_left nav_grid_height padding_left_small\">\n                                                                                                        </div>\n                                                                <!-- Tree Item -->\n \n                    \n                <div class=\"nav_grid_main nav_grid_height footer_shadow_big\">\n        <ul>\n        <li>\n        <a href=\"http://www.lieferello.de/Genuss-verschenken/\" btattached=\"true\">Genuss verschenken</a>\n                    <ul>\n                                    <li><a href=\"http://www.lieferello.de/Essen-Trinken-Geschenkideen/Feinkost/\" btattached=\"true\">Feinkost</a></li>\n                    \n                                    <li><a href=\"http://www.lieferello.de/Genuss-verschenken/Confiserie/\" btattached=\"true\">Confiserie</a></li>\n                    \n                                    <li><a href=\"http://www.lieferello.de/Essen-Trinken-Geschenkideen/Getraenke/\" btattached=\"true\">Getränke</a></li>\n                    \n                                    <li><a href=\"http://www.lieferello.de/Essen-Trinken-Geschenkideen-Themen/\" btattached=\"true\">Themen</a></li>\n                    \n                                    <li><a href=\"http://www.lieferello.de/Genuss-verschenken/Business-Geschenke/\" btattached=\"true\">Business Geschenke</a></li>\n                    \n                            </ul>\n            </li>\n    \n                    \n        </ul></div>        <div class=\"nav_grid_main nav_grid_height \">\n        <ul>\n        <li>\n        <a href=\"http://www.lieferello.de/XXL-Lebensmittel/\" btattached=\"true\">XXL Lebensmittel</a>\n            </li>\n    \n        <li>\n        <a href=\"http://www.lieferello.de/Geschenk-Sets/\" btattached=\"true\">Weitere Geschenkideen</a>\n            </li>\n    \n        <li>\n        <a href=\"http://www.lieferello.de/Geschenkgutscheine/\" btattached=\"true\">Geschenkgutscheine</a>\n                    <ul>\n                                    <li><a href=\"http://www.lieferello.de/Print-Gutscheine/\" btattached=\"true\">Print-Gutscheine</a></li>\n                    \n                            </ul>\n            </li>\n    \n                    \n        </ul></div>        <div class=\"nav_grid_main nav_grid_height \">\n        <ul>\n        <li>\n        <a href=\"http://www.lieferello.de/Geschenkideen/Schoen-verpackt/\" btattached=\"true\">Schön verpackt</a>\n            </li>\n    \n</ul></div>\n            <div class=\"nav_grid_main nav_grid_height\"></div>\n                                    <div class=\"nav_grid_special nav_grid_fullHeight\">\n                                    <div class=\"nav_grid_special nav_grid_height box_border_dashed_left\">\n                                                                                                                                                                                                                                                                                        \n                                        \n                                                                                                                        \n                                        \n                                    </div>\n                                </div>\n                                <div class=\"clear clearfix\"></div>\n                                <div class=\"navigationMenuFader\">\n                                    <div class=\"bgimg\"></div>\n                                </div>\n                            </div>\n                        </li>\n                                                                                                    \n                        <li class=\"nav_list_rest nav_list_3\">\n                            <a class=\"padlink\" href=\"http://www.lieferello.de/Neu-bei-Lieferello/\" number=\"3\" btattached=\"true\">Neu bei Lieferello</a>\n                            <div class=\"nav_hover_3\"></div>\n                            <div class=\"nav_extender\"></div>\n                            <div class=\"nav_container\">\n                                <div class=\"nav_grid_left nav_grid_height padding_left_small\">\n                                                                                                        </div>\n                                                                <!-- Tree Item -->\n \n                    \n                <div class=\"nav_grid_main nav_grid_height footer_shadow_big\">\n        <ul>\n        <li>\n        <a href=\"http://www.lieferello.de/Neu-bei-Lieferello/Hoehle-der-Loewen/\" btattached=\"true\">Höhle der Löwen</a>\n            </li>\n    \n</ul></div>\n            <div class=\"nav_grid_main nav_grid_height\"></div>\n            <div class=\"nav_grid_main nav_grid_height\"></div>\n            <div class=\"nav_grid_main nav_grid_height\"></div>\n                                    <div class=\"nav_grid_special nav_grid_fullHeight\">\n                                    <div class=\"nav_grid_special nav_grid_height box_border_dashed_left\">\n                                                                                                                                                                                                                                                                                        \n                                        \n                                                                                                                        \n                                        \n                                    </div>\n                                </div>\n                                <div class=\"clear clearfix\"></div>\n                                <div class=\"navigationMenuFader\">\n                                    <div class=\"bgimg\"></div>\n                                </div>\n                            </div>\n                        </li>\n                                                                                                    \n                        <li class=\"nav_list_rest nav_list_4\">\n                            <a class=\"padlink\" href=\"http://www.lieferello.de/Feinkost/\" number=\"4\" btattached=\"true\">Feinkost</a>\n                            <div class=\"nav_hover_4\"></div>\n                            <div class=\"nav_extender\"></div>\n                            <div class=\"nav_container\">\n                                <div class=\"nav_grid_left nav_grid_height padding_left_small\">\n                                                                                                        </div>\n                                                                <!-- Tree Item -->\n \n                    \n                <div class=\"nav_grid_main nav_grid_height footer_shadow_big\">\n        <ul>\n        <li>\n        <a href=\"http://www.lieferello.de/Antipasti/\" btattached=\"true\">Antipasti</a>\n            </li>\n    \n        <li>\n        <a href=\"http://www.lieferello.de/Feinkost/Fischspezialitaeten/\" btattached=\"true\">Fischspezialitäten</a>\n            </li>\n    \n                    \n        </ul></div>        <div class=\"nav_grid_main nav_grid_height \">\n        <ul>\n        <li>\n        <a href=\"http://www.lieferello.de/Feinkost-Pilze-Trueffel/\" btattached=\"true\">Pilze &amp; Trüffel</a>\n            </li>\n    \n        <li>\n        <a href=\"http://www.lieferello.de/Pastete/\" btattached=\"true\">Pastete</a>\n            </li>\n    \n                    \n        </ul></div>        <div class=\"nav_grid_main nav_grid_height \">\n        <ul>\n        <li>\n        <a href=\"http://www.lieferello.de/Salami-Schinken-Wurst/\" btattached=\"true\">Salami, Schinken &amp; Wurst</a>\n            </li>\n    \n        <li>\n        <a href=\"http://www.lieferello.de/Pesto-Chutney-Relish/\" btattached=\"true\">Pesto, Chutney &amp; Relish</a>\n            </li>\n    \n                    \n        </ul></div>        <div class=\"nav_grid_main nav_grid_height \">\n        <ul>\n        <li>\n        <a href=\"http://www.lieferello.de/Feinkost/Dessertsosse-Sirup/\" btattached=\"true\">Dessertsoße &amp; Sirup</a>\n            </li>\n    \n</ul></div>\n                                    <div class=\"nav_grid_special nav_grid_fullHeight\">\n                                    <div class=\"nav_grid_special nav_grid_height box_border_dashed_left\">\n                                                                                                                                                                                                                                                                                        \n                                        \n                                                                                                                        \n                                        \n                                    </div>\n                                </div>\n                                <div class=\"clear clearfix\"></div>\n                                <div class=\"navigationMenuFader\">\n                                    <div class=\"bgimg\"></div>\n                                </div>\n                            </div>\n                        </li>\n                                                                                                    \n                        <li class=\"nav_list_rest nav_list_5\">\n                            <a class=\"padlink\" href=\"http://www.lieferello.de/Spirituosen/\" number=\"5\" btattached=\"true\">Spirituosen</a>\n                            <div class=\"nav_hover_5\"></div>\n                            <div class=\"nav_extender\"></div>\n                            <div class=\"nav_container\">\n                                <div class=\"nav_grid_left nav_grid_height padding_left_small\">\n                                                                                                        </div>\n                                                                <!-- Tree Item -->\n \n                    \n                <div class=\"nav_grid_main nav_grid_height footer_shadow_big\">\n        <ul>\n        <li>\n        <a href=\"http://www.lieferello.de/Whisky/\" btattached=\"true\">Whisky</a>\n                    <ul>\n                                    <li><a href=\"http://www.lieferello.de/Scotch-Whisky/\" btattached=\"true\">Scotch Whisky</a></li>\n                    \n                                    <li><a href=\"http://www.lieferello.de/Irish-Whiskey/\" btattached=\"true\">Irish Whiskey</a></li>\n                    \n                                    <li><a href=\"http://www.lieferello.de/American-Whiskey/\" btattached=\"true\">American Whiskey</a></li>\n                    \n                                    <li><a href=\"http://www.lieferello.de/Canadian-Whisky/\" btattached=\"true\">Canadian  Whisky</a></li>\n                    \n                                    <li><a href=\"http://www.lieferello.de/Sonstige-Whisky/\" btattached=\"true\">Sonstige</a></li>\n                    \n                            </ul>\n            </li>\n    \n        <li>\n        <a href=\"http://www.lieferello.de/Vodka/\" btattached=\"true\">Vodka</a>\n                    <ul>\n                                    <li><a href=\"http://www.lieferello.de/Vodka-Vodka/\" btattached=\"true\">Vodka</a></li>\n                    \n                                    <li><a href=\"http://www.lieferello.de/flavoured-Vodka/\" btattached=\"true\">Flavoured</a></li>\n                    \n                            </ul>\n            </li>\n    \n                    \n        </ul></div>        <div class=\"nav_grid_main nav_grid_height \">\n        <ul>\n        <li>\n        <a href=\"http://www.lieferello.de/Rum/\" btattached=\"true\">Rum &amp; Cachaça</a>\n            </li>\n    \n        <li>\n        <a href=\"http://www.lieferello.de/Tequila/\" btattached=\"true\">Tequila</a>\n            </li>\n    \n        <li>\n        <a href=\"http://www.lieferello.de/Gin-Genever/\" btattached=\"true\">Gin &amp; Genever</a>\n            </li>\n    \n        <li>\n        <a href=\"http://www.lieferello.de/Grappa-Tresterbrand/\" btattached=\"true\">Grappa &amp; Tresterbrand</a>\n            </li>\n    \n        <li>\n        <a href=\"http://www.lieferello.de/Cognac-Calvados/\" btattached=\"true\">Cognac &amp; Calvados</a>\n            </li>\n    \n        <li>\n        <a href=\"http://www.lieferello.de/Weinbrand-Brandy/\" btattached=\"true\">Weinbrand &amp; Brandy</a>\n            </li>\n    \n        <li>\n        <a href=\"http://www.lieferello.de/Absinth/\" btattached=\"true\">Absinth</a>\n            </li>\n    \n        <li>\n        <a href=\"http://www.lieferello.de/Obstbrand/\" btattached=\"true\">Obstbrand</a>\n            </li>\n    \n        <li>\n        <a href=\"http://www.lieferello.de/Klarer-Brand-Korn/\" btattached=\"true\">Klarer Brand &amp; Korn</a>\n            </li>\n    \n                    \n        </ul></div>        <div class=\"nav_grid_main nav_grid_height \">\n        <ul>\n        <li>\n        <a href=\"http://www.lieferello.de/Aquavit-und-Kuemmel/\" btattached=\"true\">Aquavit &amp; Kümmel</a>\n            </li>\n    \n        <li>\n        <a href=\"http://www.lieferello.de/Anisee/\" btattached=\"true\">Anisée</a>\n            </li>\n    \n        <li>\n        <a href=\"http://www.lieferello.de/Likoere/\" btattached=\"true\">Liköre</a>\n                    <ul>\n                                    <li><a href=\"http://www.lieferello.de/Kraeuterlikoer-Magenbitter/\" btattached=\"true\">Kräuterlikör &amp; Magenbitter</a></li>\n                    \n                                    <li><a href=\"http://www.lieferello.de/Fruchtlikoer-Saure/\" btattached=\"true\">Fruchtlikör</a></li>\n                    \n                                    <li><a href=\"http://www.lieferello.de/Sahne-und-Kaffeelikoer/\" btattached=\"true\">Sahne- &amp; Kaffeelikör</a></li>\n                    \n                                    <li><a href=\"http://www.lieferello.de/Sonstige-Likoere/\" btattached=\"true\">Sonstige</a></li>\n                    \n                            </ul>\n            </li>\n    \n        <li>\n        <a href=\"http://www.lieferello.de/Wermut/\" btattached=\"true\">Wermut</a>\n            </li>\n    \n        <li>\n        <a href=\"http://www.lieferello.de/Bitter-Aperitif/\" btattached=\"true\">Bitter &amp; Aperitif</a>\n            </li>\n    \n                    \n        </ul></div>        <div class=\"nav_grid_main nav_grid_height \">\n        <ul>\n        <li>\n        <a href=\"http://www.lieferello.de/Trend-Mixgetraenke/\" btattached=\"true\">Trend- &amp; Mixgetränke </a>\n                    <ul>\n                                    <li><a href=\"http://www.lieferello.de/Trendgetraenk/\" btattached=\"true\">Trendgetränk</a></li>\n                    \n                                    <li><a href=\"http://www.lieferello.de/Fruchtmixspirituose/\" btattached=\"true\">Fruchtmixspirituose</a></li>\n                    \n                                    <li><a href=\"http://www.lieferello.de/Party-Minis/\" btattached=\"true\">Party-Minis</a></li>\n                    \n                            </ul>\n            </li>\n    \n        <li>\n        <a href=\"http://www.lieferello.de/Spirituosen-Cocktails/\" btattached=\"true\">Cocktails</a>\n                    <ul>\n                                    <li><a href=\"http://www.lieferello.de/Fertige-Cocktails/\" btattached=\"true\">Fertige Cocktails</a></li>\n                    \n                                    <li><a href=\"http://www.lieferello.de/Cocktailzubehoer/\" btattached=\"true\">Cocktailzubehör</a></li>\n                    \n                            </ul>\n            </li>\n    \n        <li>\n        <a href=\"http://www.lieferello.de/Spirituosen/Geschenkpackungen/\" btattached=\"true\">Geschenkpackungen</a>\n            </li>\n    \n</ul></div>\n                                    <div class=\"nav_grid_special nav_grid_fullHeight\">\n                                    <div class=\"nav_grid_special nav_grid_height box_border_dashed_left\">\n                                                                                                                                                                                                                                                                                        \n                                        \n                                                                                                                        \n                                        \n                                    </div>\n                                </div>\n                                <div class=\"clear clearfix\"></div>\n                                <div class=\"navigationMenuFader\">\n                                    <div class=\"bgimg\"></div>\n                                </div>\n                            </div>\n                        </li>\n                                                        \n                                \n                                <li class=\"nav_list_rest nav_list_6\"><a class=\"padlink\" href=\"#\" number=\"6\" btattached=\"true\">Sonstiges</a>\n                    <div class=\"nav_hover_6\"></div>\n                    <div class=\"nav_extender\"></div>\n                    <div class=\"nav_container\">\n                        <div class=\"nav_grid_left nav_grid_height padding_left_small\"></div>\n                                                                                                                <!-- Tree Item -->\n \n                    \n                <div class=\"nav_grid_main nav_grid_height footer_shadow_big\">\n        <ul>\n        <li>\n        <a href=\"http://www.lieferello.de/Spezialernaehrung/\" btattached=\"true\">Spezialernährung</a>\n            </li>\n    \n        <li>\n        <a href=\"http://www.lieferello.de/Schweden-Shop/\" btattached=\"true\">Schweden Shop</a>\n            </li>\n    \n        <li>\n        <a href=\"http://www.lieferello.de/Finnland-Shop/\" btattached=\"true\">Finnland</a>\n            </li>\n    \n        <li>\n        <a href=\"http://www.lieferello.de/Bio/\" btattached=\"true\">Bio</a>\n            </li>\n    \n        <li>\n        <a href=\"http://www.lieferello.de/Feinkost-Spezialitaeten/\" btattached=\"true\">Feinkost &amp; Spezialitäten</a>\n            </li>\n    \n        <li>\n        <a href=\"http://www.lieferello.de/Getraenke/\" btattached=\"true\">Getränke</a>\n            </li>\n    \n                    \n        </ul></div>        <div class=\"nav_grid_main nav_grid_height \">\n        <ul>\n        <li>\n        <a href=\"http://www.lieferello.de/Kochen-Backen/\" btattached=\"true\">Kochen &amp; Backen</a>\n            </li>\n    \n        <li>\n        <a href=\"http://www.lieferello.de/Haushalt-Drogerie/\" btattached=\"true\">Haushalt &amp; Drogerie</a>\n            </li>\n    \n        <li>\n        <a href=\"http://www.lieferello.de/Suesses-Snacks/\" btattached=\"true\">Süßes &amp; Snacks</a>\n            </li>\n    \n        <li>\n        <a href=\"http://www.lieferello.de/Fruehstueck-Baeckerei/\" btattached=\"true\">Frühstück &amp; Bäckerei</a>\n            </li>\n    \n        <li>\n        <a href=\"http://www.lieferello.de/Geschenkideen/\" btattached=\"true\">Geschenkideen</a>\n            </li>\n    \n        <li>\n        <a href=\"http://www.lieferello.de/Kuehlprodukte-oxid/\" btattached=\"true\">Kühlprodukte</a>\n            </li>\n    \n                    \n        </ul></div>        <div class=\"nav_grid_main nav_grid_height \">\n        <ul>\n        <li>\n        <a href=\"http://www.lieferello.de/Fairtrade/\" btattached=\"true\">Fairtrade</a>\n            </li>\n    \n        <li>\n        <a href=\"http://www.lieferello.de/Frisches-Obst/\" btattached=\"true\">Obst &amp; Gemüse</a>\n            </li>\n    \n        <li>\n        <a href=\"http://www.lieferello.de/Gastronomie-Bedarf/\" btattached=\"true\">Gastronomie-Bedarf</a>\n            </li>\n    \n        <li>\n        <a href=\"http://www.lieferello.de/Grillen1/\" btattached=\"true\">Grillen</a>\n            </li>\n    \n        <li>\n        <a href=\"http://www.lieferello.de/and-more/\" btattached=\"true\">...and more</a>\n            </li>\n    \n        <li>\n        <a href=\"http://www.lieferello.de/Tiefkuehlprodukte/\" btattached=\"true\">Tiefkühlprodukte</a>\n            </li>\n    \n                    \n        </ul></div>        <div class=\"nav_grid_main nav_grid_height \">\n        <ul>\n        <li>\n        <a href=\"http://www.lieferello.de/Gourmet-Angebote/\" btattached=\"true\">Gourmet-Angebote</a>\n            </li>\n    \n        <li>\n        <a href=\"http://www.lieferello.de/Neu-bei-Lieferello/\" btattached=\"true\">Neu bei Lieferello</a>\n            </li>\n    \n        <li>\n        <a href=\"http://www.lieferello.de/Fussballfieber/\" btattached=\"true\">Fußballfieber</a>\n            </li>\n    \n        <li>\n        <a href=\"http://www.lieferello.de/Geschnuertes-Paeckchen/\" btattached=\"true\">Geschnürtes Päckchen</a>\n            </li>\n    \n        <li>\n        <a href=\"http://www.lieferello.de/Muttertag/\" btattached=\"true\">Muttertag</a>\n            </li>\n    \n        <li>\n        <a href=\"http://www.lieferello.de/Vatertag/\" btattached=\"true\">Vatertag</a>\n            </li>\n    \n</ul></div>\n                                <div class=\"nav_grid_special nav_grid_fullHeight\">\n                                <div class=\"nav_grid_special nav_grid_height box_border_dashed_left\">\n                                </div>\n                            </div>\n                            <div class=\"clear clearfix\"></div>\n                            <div class=\"navigationMenuFader\">\n                                <div class=\"bgimg\"></div>\n                            </div>\n                    </div>\n                </li>\n            </ul>\n        </div>\n    </nav>\n\n</header>\n\n                                        <div class=\"grid_master box_cookie_nav clearfix margin_top_large\">\n                                                   <ul>\n    <li>Sie sind hier:</li>\n            <li>Home</li>\n    </ul>\n                                            </div>\n                    <div id=\"content\">\n                                                                                                                                    \n    <div class=\"grid_master box_content_main clearfix margin_top_medium\">\n        <div class=\"grid4_4_grp relative\">\n            \n            <div class=\"box_height_xxlarge relative margin_bottom_medium teaserbox_link\" id=\"scrollerNav\" style=\"overflow: hidden;\">\n                <div class=\"items absolute\" style=\"width: 20000em; left: -729px;\"><div class=\"box_corners box_shadow box_teaser_top float_left cloned\" style=\"background-image: url('https://www.lieferello.de/out/pictures/promo/ruegerner_insel_brauerei_kw15.jpg');\" alt=\"\" title=\"\">\n                        <a href=\"http://www.lieferello.de/Ruegener-Insel-Brauerei/?utm_source=int&amp;utm_campaign=201704_bsl4_rib\" class=\"display_asBlock teaserbox_link\" btattached=\"true\"></a>\n                    </div>\n                                    <div class=\"box_corners box_shadow box_teaser_top float_left\" style=\"background-image: url('https://www.lieferello.de/out/pictures/promo/enjoy_finnland_kw16.jpg');\" alt=\"\" title=\"\">\n                        <a href=\"http://www.lieferello.de/Finnland-Shop/?utm_source=int&amp;utm_campaign=201704_bsl2_fin\" class=\"display_asBlock teaserbox_link\" btattached=\"true\"></a>\n                    </div>\n                                    <div class=\"box_corners box_shadow box_teaser_top float_left\" style=\"background-image: url('https://www.lieferello.de/out/pictures/promo/birkenwasser_kw15.jpg');\" alt=\"\" title=\"\">\n                        <a href=\"http://www.lieferello.de/Arctic-Birch/Arctic-Birch-Bio-Birkenwasser-250ml.html?utm_source=int&amp;utm_campaign=201704_bsl1_bwa\" class=\"display_asBlock teaserbox_link\" btattached=\"true\"></a>\n                    </div>\n                                    <div class=\"box_corners box_shadow box_teaser_top float_left\" style=\"background-image: url('https://www.lieferello.de/out/pictures/promo/gourmet_angebote.jpg');\" alt=\"\" title=\"\">\n                        <a href=\"http://www.lieferello.de/Gourmet-Angebote/?utm_source=int&amp;utm_campaign=201704_bsl2_gak\" class=\"display_asBlock teaserbox_link\" btattached=\"true\"></a>\n                    </div>\n                                    <div class=\"box_corners box_shadow box_teaser_top float_left\" style=\"background-image: url('https://www.lieferello.de/out/pictures/promo/beavertown_kw15.jpg');\" alt=\"\" title=\"\">\n                        <a href=\"http://www.lieferello.de/Beavertown/?utm_source=int&amp;utm_campaign=201704_bsl3_bvt\" class=\"display_asBlock teaserbox_link\" btattached=\"true\"></a>\n                    </div>\n                                    <div class=\"box_corners box_shadow box_teaser_top float_left\" style=\"background-image: url('https://www.lieferello.de/out/pictures/promo/ruegerner_insel_brauerei_kw15.jpg');\" alt=\"\" title=\"\">\n                        <a href=\"http://www.lieferello.de/Ruegener-Insel-Brauerei/?utm_source=int&amp;utm_campaign=201704_bsl4_rib\" class=\"display_asBlock teaserbox_link\" btattached=\"true\"></a>\n                    </div>\n                                <div class=\"box_corners box_shadow box_teaser_top float_left cloned\" style=\"background-image: url('https://www.lieferello.de/out/pictures/promo/enjoy_finnland_kw16.jpg');\" alt=\"\" title=\"\">\n                        <a href=\"http://www.lieferello.de/Finnland-Shop/?utm_source=int&amp;utm_campaign=201704_bsl2_fin\" class=\"display_asBlock teaserbox_link\" btattached=\"true\"></a>\n                    </div></div>\n            </div>\n            <div class=\"naviCont\">\n                <div class=\"navi\">\n                <a class=\"active\" btattached=\"true\"></a><a btattached=\"true\"></a><a btattached=\"true\"></a><a btattached=\"true\"></a><a btattached=\"true\"></a></div>\n            </div>\n            <script>\n                $(function(){\n                    $(\"#scrollerNav\").scrollable({circular: true}).navigator().autoscroll({interval:5000});\n                });\n            </script>\n            <div class=\"box_height_large relative\">\n                <div class=\"grid4_3  box_newsletter_background box_corners relative box_shadow box_teaser_height box_teaser_margin_right\">\n                    <div class=\"grid4_3\">\n                        <form action=\"https://www.lieferello.de/index.php?\" method=\"post\">\n    \n<input type=\"hidden\" name=\"lang\" value=\"0\">\n    <input type=\"hidden\" name=\"fnc\" value=\"fill\">\n    <input type=\"hidden\" name=\"cl\" value=\"newsletter\">\n        <div class=\"padding_left_large padding_top_large\">\n        <h6>Newsletter</h6>\n        <br>\n        <input type=\"text\" placeholder=\"Meine E-Mail-Adresse\" maxlength=\"250\" name=\"editval[oxuser__oxusername]\" class=\"frm_newletter_txt\">\n        <input type=\"submit\" value=\"Abonnieren\" class=\"form_newsletter_submit box_corners cursor_pointer absolute newsletter_start\">\n        <br>\n        <br>\n        <br>\n        <br>\n        <br>\n        <br>\n        <p class=\"padding_right_medium\">\n            Melden Sie sich hier zu unserem Newsletter an.\n        </p>\n    </div>\n</form>\n                    </div>\n                    \n                                    </div>\n                \n                \n                                                            <div class=\"grid4_3 box_corners box_shadow img_teaser_bottom_right box_teaser_height relative\" style=\"background-image: url('https://www.lieferello.de/out/pictures/promo/wein.jpg');\" alt=\"\" title=\"\">\n                            <a href=\"http://www.lieferello.de/Wein/?utm_source=int&amp;utm_campaign=201704_bsk_wei\" class=\"absolute display_asBlock width_full height_full\" btattached=\"true\"></a>\n                        </div>\n                                                </div>\n        </div>\n        <div class=\"relative float_left grid4 box_corners box_shadow box_teaser_right box_vorteile_height\">\n            \n            <h3 class=\"padding_left_medium_vorteile margin_top_small_vorteil\">Ihre Vorteile bei Lieferello</h3>\n        <div class=\"box_vorteile\">\n            <div class=\"box_vorteil_iconPhone padding_left_vorteile box_dashedborder\"><a title=\"\" href=\"http://www.lieferello.de/Bio\" btattached=\"true\">Entdecken Sie unser Bio-Sortiment</a></div>\n            <div class=\"box_vorteil_iconVersand padding_left_vorteile box_dashedborder\">Beste Qualität ist unser Anspruch</div>\n            <div class=\"box_vorteil_iconUmtausch padding_left_vorteile margin_bottom_medium\"><a href=\"http://www.lieferello.de/Versand-und-Kosten/\" title=\"weitere Informationen zum Versand\" rel=\"nofollow\" btattached=\"true\">Kostenloser Versand ab 39 € mit DHL</a>&nbsp;</div>\n        </div>\n        <h3 class=\"padding_left_medium_vorteile margin_top_small_vorteil\">Echte Kundenmeinungen</h3>\n        <div class=\"box_vorteile margin_left_tiny margin_top_small trustedshopsimg\">\n            \n    \n\n    <a target=\"_blank\" href=\"https://www.trustedshops.de/bewertung/info_X8D37F75ADA86A1A38C261C9FD2C86ECE.html\" title=\"Händlerbewertungen von lieferello.de einsehen\" btattached=\"true\">\n        <img class=\"bewertung\" alt=\"lieferello.de Bewertungen\" border=\"0\" src=\"https://www.trustedshops.com/bewertung/widget/widgets/X8D37F75ADA86A1A38C261C9FD2C86ECE.gif\">\n    </a>\n            </div>\n                                    <div class=\"display_none\">\n        <a href=\"http://www.trustedshopswdg.de/shop-info/trusted-shops-kundenbewertungen/\" btattached=\"true\">Händlerbewertungen von Trusted Shops</a>:\n            <span xmlns:v=\"http://rdf.data-vocabulary.org/#\" typeof=\"v:Review-aggregate\">\n                <span rel=\"v:rating\"><span property=\"v:value\">4.74</span>\n                </span> / <span property=\"v:best\">5.00\n                </span> bei <span property=\"v:count\">5571</span>\n                <a href=\"https://www.trustedshopswdg.de/bewertung/info_X8D37F75ADA86A1A38C261C9FD2C86ECE.html\" title=\"lieferello.de Bewertungen\" btattached=\"true\">lieferello.de Bewertungen</a>\n            </span>\n    </div>\n                    <h3 class=\"padding_left_medium_vorteile margin_top_small_vorteil\">Zahlungsmöglichkeiten</h3>\n        <div class=\"box_vorteile margin_top_small\">\n                        <a href=\"http://www.lieferello.de/Zahlungsmoeglichkeiten/\" rel=\"nofollow\" btattached=\"true\">\n                <img src=\"https://www.lieferello.de/out/lieferello/src/img/s.png\" width=\"210\" height=\"70\" class=\"img_payment relative\" alt=\"Zahlungsmöglichkeiten\">\n            </a>\n                    </div>\n                </div>\n        <div class=\"clearfix\" style=\"clear: both;\"></div>\n    </div>\n    \n    <hr class=\"box_bottom_dashed margin_top_medium\">\n    \n    \n            <div class=\"grid_master box_content_main box_height_small margin_top_medium\">\n                                                 <div class=\"grid4\">\n                        <h3 class=\"padding_bottom_small\">Schwedische Spezialitäten</h3>\n                        <div class=\"img_gray\">\n                            <a href=\"http://www.lieferello.de/Schweden-Shop/?utm_source=int&amp;utm_campaign=201702_bsm_se\" btattached=\"true\"><img src=\"https://www.lieferello.de/out/pictures/promo/schweden_lachs.jpg\" alt=\"\" title=\"\" width=\"233\" height=\"83\" class=\"box_corners box_shadow img_box1\"></a>\n                        </div>\n                    </div>\n                                                                 <div class=\"grid4\">\n                        <h3 class=\"padding_bottom_small\">Spezialernährung</h3>\n                        <div class=\"img_gray\">\n                            <a href=\"http://www.lieferello.de/Spezialernaehrung/?utm_source=int&amp;utm_campaign=201702_bsm_spez\" btattached=\"true\"><img src=\"https://www.lieferello.de/out/pictures/promo/spezialernaehrung.jpg\" alt=\"\" title=\"\" width=\"233\" height=\"83\" class=\"box_corners box_shadow img_box1\"></a>\n                        </div>\n                    </div>\n                                                                 <div class=\"grid4\">\n                        <h3 class=\"padding_bottom_small\">Feinkost entdecken</h3>\n                        <div class=\"img_gray\">\n                            <a href=\"http://www.lieferello.de/Feinkost/?utm_source=int&amp;utm_campaign=201702_bsm_feik\" btattached=\"true\"><img src=\"https://www.lieferello.de/out/pictures/promo/feinkost.jpg\" alt=\"\" title=\"\" width=\"233\" height=\"83\" class=\"box_corners box_shadow img_box1\"></a>\n                        </div>\n                    </div>\n                                                                 <div class=\"grid4\">\n                        <h3 class=\"padding_bottom_small\">Genuss verschenken</h3>\n                        <div class=\"img_gray\">\n                            <a href=\"http://www.lieferello.de/Genuss-verschenken/?utm_source=int&amp;utm_campaign=201702_bsm_gens\" btattached=\"true\"><img src=\"https://www.lieferello.de/out/pictures/promo/genussverschenken_va2.jpg\" alt=\"\" title=\"\" width=\"233\" height=\"83\" class=\"box_corners box_shadow img_box1\"></a>\n                        </div>\n                    </div>\n                                        <div class=\"clearfix\" style=\"clear: both;\"></div>            \n        </div>\n        <hr class=\"box_bottom_dashed margin_top_medium\">\n        \n                <script> $(function() { $('#indexArticleScroller').scrollable({ items: '.box_spinner',next: '.nextElement',prev: '.prevElement' }); }); </script>\n        <div class=\"grid_master padding_left_xsmall margin_top_medium\">\n            <div class=\"grid5_2 relative box_spinner_left\">\n                <a class=\"prevElement disabled\" btattached=\"true\"><img src=\"https://www.lieferello.de/out/lieferello/src/img/s.png\" class=\"img_big_left\"></a>\n            </div>\n            <div class=\"box_spinner_parent relative float_left\" id=\"indexArticleScroller\">\n                <div class=\"box_spinner absolute\">\n                                                                                                    <div class=\"float_left first\">\n                        \n                                                            \n                                        \n                                        \n                                        \n                                        \n                                        \n                                        \n                                        \n                                        \n                                        \n                                        \n                                        \n                                        \n                                        \n                                        \n                                        \n                                        \n                                        \n                                        \n                                        \n                                        \n                                        \n                                             \n        <div class=\"  grid4_4 relative box_height_xxxlarge box_product box_corners box_shadow margin_bottom_medium  \" style=\"cursor: pointer;\">\n        <form class=\"absolute box_product box_height_xxxlarge box_corners\" name=\"tobasket\" action=\"https://www.lieferello.de/index.php?\" method=\"post\" style=\"cursor: pointer;\">\n            <input type=\"hidden\" name=\"actcontrol\" value=\"start\">\n\n            \n<input type=\"hidden\" name=\"lang\" value=\"0\">\n            <input type=\"hidden\" name=\"pgNr\" value=\"0\">\n                                                            <input type=\"hidden\" name=\"cl\" value=\"start\">\n                                                              <input type=\"hidden\" name=\"fnc\" value=\"tobasket\">\n                                        <input type=\"hidden\" name=\"aid\" value=\"785daf1943b39260a6320e24db8f01bb\">\n                                            <input type=\"hidden\" name=\"anid\" value=\"785daf1943b39260a6320e24db8f01bb\">\n                                                            \n                        <div class=\"box_list_starcom float_left\">\n                <div class=\"box_stars float_left s0\"><img src=\"https://www.lieferello.de/out/lieferello/src/img/s.png\"></div>\n                <div class=\"box_comments float_left\">\n                    <div class=\"float_left\">Kommentare (0)</div>\n                    <img src=\"https://www.lieferello.de/out/lieferello/src/img/s.png\" class=\"float_left\">\n                </div>\n            </div>\n            <div class=\"box_list_listview\">\n                \n                    <div class=\"img_product float_left\"><a href=\"http://www.lieferello.de/Finnland-Shop/Getraenke/Muumi-Berrie-Himbeeren-Getraenk-mit-Beeren-100ml.html\" btattached=\"true\"><img src=\"https://www.lieferello.de/out/pictures/generated/product/thumb/140_140_85/Muumi-Berrie-Himbeeren-Getraenk-mit-Beeren-100ml.jpg\" alt=\"Muumi Berrie Himbeeren Getränk mit Beeren 100ml \"></a></div>\n                \n                <div class=\"float_left box_product_details\">\n                    <div class=\"box_article_headline float_left\"><a href=\"http://www.lieferello.de/Finnland-Shop/Getraenke/Muumi-Berrie-Himbeeren-Getraenk-mit-Beeren-100ml.html\" btattached=\"true\">Muumi Berrie Himbeeren Getränk mit Beeren 100ml </a></div>\n                    <div class=\"box_article_details float_left\">\n                        Fruchtiges Himbeer-Getränk aus Finnland\n                    </div>\n                    <div class=\"box_article_footer float_left\">\n                            <span id=\"productPricePerUnit_\" class=\"pricePerUnit\">\n        100 ml | 2,49 €&nbsp;/&nbsp;100 ml\n    </span>\n\n                    </div>\n                </div>\n            </div>\n            <div class=\"box_list_regular float_left\">\n                <div class=\"box_article_headline float_left\"><a href=\"http://www.lieferello.de/Finnland-Shop/Getraenke/Muumi-Berrie-Himbeeren-Getraenk-mit-Beeren-100ml.html\" btattached=\"true\">Muumi Berrie Himbeeren Getränk mit Beeren 100ml </a></div>\n                \n                    <div class=\"img_product\"><img src=\"https://www.lieferello.de/out/pictures/generated/product/thumb/140_140_85/Muumi-Berrie-Himbeeren-Getraenk-mit-Beeren-100ml.jpg\" alt=\"Muumi Berrie Himbeeren Getränk mit Beeren 100ml \"></div>\n                \n                <div class=\"box_article_details float_left\">\n                        <div class=\"box_article_footer absolute float_left\">\n        <div id=\"productPricePerUnit_\" class=\"pricePerUnit\">\n            <span class=\"float_left unitname\">\n                100 ml\n\n                                                                            </span>\n            <span class=\"float_left ppu\">2,49 €&nbsp;/&nbsp;100 ml</span>\n        </div>\n    </div>\n\n                </div>\n            </div>\n            <div class=\"box_list_listview pricebox\">\n                <div class=\"box_article_bio absolute\">\n                                                                                                                                                                    </div>\n                <div>\n                    <div class=\"footer_shadow_small absolute box_article_shadow\"></div>\n                    <div class=\"box_price_tag float_left\">Preis</div>\n                    <div class=\"box_article_price   float_right\">\n    <div>\n        2,49€*\n    </div>\n            <div class=\"old\" style=\"text-decoration:none;\">&nbsp;</div>\n        </div>\n                    <div class=\"box_lager float_left\">\n                        <div class=\"box_lager_avail float_left\"></div>\n                        <div class=\"float_left\">Artikel ist auf Lager</div>\n                    </div>\n                                            <div class=\"box_article_number float_left\">\n                            <div class=\"box_article_modifier float_left\"><a href=\"#\" btattached=\"true\">-</a></div>\n                            <input type=\"text\" value=\"1\" class=\"box_article_number_num float_left\" name=\"am\">\n                            <input type=\"hidden\" value=\"878\">\n                            <div class=\"box_article_modifier_plus float_left\"><a href=\"#\" btattached=\"true\">+</a></div>\n                        </div>\n                        <input type=\"submit\" value=\"In den Warenkorb\" class=\"box_article_basket float_left\">\n                                    </div>\n            </div>\n            <div class=\"box_list_regular float_left absolute\">\n                                    <div class=\"box_article_number float_left\">\n                        <div class=\"box_article_modifier float_left\"><a href=\"#\" btattached=\"true\">-</a></div>\n                        <input type=\"text\" value=\"1\" class=\"box_article_number_num float_left\" name=\"am\">\n                        <input type=\"hidden\" value=\"878\">\n                        <div class=\"box_article_modifier_plus float_left\"><a href=\"#\" btattached=\"true\">+</a></div>\n                    </div>\n                    <input type=\"submit\" value=\"In den Warenkorb\" class=\"box_article_basket float_left\">\n                                <div class=\"box_article_bio absolute\">\n                                                                                                                                                                    </div>\n                <div class=\"box_article_price   absolute\">\n    <div>\n        2,49€*\n    </div>\n            <div class=\"old\" style=\"text-decoration:none;\">&nbsp;</div>\n        </div>\n            </div>\n        </form>\n                                    </div>                                            \n                                                            \n                                        \n                                        \n                                        \n                                        \n                                        \n                                        \n                                                    \n                                        \n                                                    \n                                                    \n                                        \n                                        \n                                        \n                                        \n                                        \n                                        \n                                        \n                                        \n                                        \n                                        \n                                        \n                                        \n                                        \n                                        \n                                             \n        <div class=\"  grid4_4 relative box_height_xxxlarge box_product box_corners box_shadow margin_bottom_medium  \" style=\"cursor: pointer;\">\n        <form class=\"absolute box_product box_height_xxxlarge box_corners\" name=\"tobasket\" action=\"https://www.lieferello.de/index.php?\" method=\"post\" style=\"cursor: pointer;\">\n            <input type=\"hidden\" name=\"actcontrol\" value=\"start\">\n\n            \n<input type=\"hidden\" name=\"lang\" value=\"0\">\n            <input type=\"hidden\" name=\"pgNr\" value=\"0\">\n                                                            <input type=\"hidden\" name=\"cl\" value=\"start\">\n                                                              <input type=\"hidden\" name=\"fnc\" value=\"tobasket\">\n                                        <input type=\"hidden\" name=\"aid\" value=\"4083dc4c4519d524d6faf286c769f69f\">\n                                            <input type=\"hidden\" name=\"anid\" value=\"4083dc4c4519d524d6faf286c769f69f\">\n                                                            \n                        <div class=\"box_list_starcom float_left\">\n                <div class=\"box_stars float_left s0\"><img src=\"https://www.lieferello.de/out/lieferello/src/img/s.png\"></div>\n                <div class=\"box_comments float_left\">\n                    <div class=\"float_left\">Kommentare (0)</div>\n                    <img src=\"https://www.lieferello.de/out/lieferello/src/img/s.png\" class=\"float_left\">\n                </div>\n            </div>\n            <div class=\"box_list_listview\">\n                \n                    <div class=\"img_product float_left\"><a href=\"http://www.lieferello.de/Tiefkuehlprodukte/Obst-Eiscreme-Kuchen/Speiseeis-Sorbet/Jymy-Bio-Eiscreme-Schokolade-TK-500ml.html\" btattached=\"true\"><img src=\"https://www.lieferello.de/out/pictures/generated/product/thumb/140_140_85/Jymy-Bio-Eiscreme-Schokolade-TK-500ml.jpg\" alt=\"Jymy Bio Eiscreme Schokolade TK 500ml \"></a></div>\n                \n                <div class=\"float_left box_product_details\">\n                    <div class=\"box_article_headline float_left\"><a href=\"http://www.lieferello.de/Tiefkuehlprodukte/Obst-Eiscreme-Kuchen/Speiseeis-Sorbet/Jymy-Bio-Eiscreme-Schokolade-TK-500ml.html\" btattached=\"true\">Jymy Bio Eiscreme Schokolade TK 500ml </a></div>\n                    <div class=\"box_article_details float_left\">\n                        Cremiges Schokoladen-Eis aus Finnland\n                    </div>\n                    <div class=\"box_article_footer float_left\">\n                            <span id=\"productPricePerUnit_\" class=\"pricePerUnit\">\n        0.5 l | 11,98 €&nbsp;/&nbsp;l\n    </span>\n\n                    </div>\n                </div>\n            </div>\n            <div class=\"box_list_regular float_left\">\n                <div class=\"box_article_headline float_left\"><a href=\"http://www.lieferello.de/Tiefkuehlprodukte/Obst-Eiscreme-Kuchen/Speiseeis-Sorbet/Jymy-Bio-Eiscreme-Schokolade-TK-500ml.html\" btattached=\"true\">Jymy Bio Eiscreme Schokolade TK 500ml </a></div>\n                \n                    <div class=\"img_product\"><img src=\"https://www.lieferello.de/out/pictures/generated/product/thumb/140_140_85/Jymy-Bio-Eiscreme-Schokolade-TK-500ml.jpg\" alt=\"Jymy Bio Eiscreme Schokolade TK 500ml \"></div>\n                \n                <div class=\"box_article_details float_left\">\n                        <div class=\"box_article_footer absolute float_left\">\n        <div id=\"productPricePerUnit_\" class=\"pricePerUnit\">\n            <span class=\"float_left unitname\">\n                0.5 l\n\n                                                                            </span>\n            <span class=\"float_left ppu\">11,98 €&nbsp;/&nbsp;l</span>\n        </div>\n    </div>\n\n                </div>\n            </div>\n            <div class=\"box_list_listview pricebox\">\n                <div class=\"box_article_bio absolute\">\n                    <img src=\"https://www.lieferello.de/out/lieferello/src/img/s.png\" class=\"img_bio\" title=\"Bio\">                                                                                                                                <img src=\"https://www.lieferello.de/out/lieferello/src/img/s.png\" class=\"img_gluten\" title=\"Glutenfrei\">                </div>\n                <div>\n                    <div class=\"footer_shadow_small absolute box_article_shadow\"></div>\n                    <div class=\"box_price_tag float_left\">Preis</div>\n                    <div class=\"box_article_price   float_right\">\n    <div>\n        5,99€*\n    </div>\n            <div class=\"old\" style=\"text-decoration:none;\">&nbsp;</div>\n        </div>\n                    <div class=\"box_lager float_left\">\n                        <div class=\"box_lager_avail float_left\"></div>\n                        <div class=\"float_left\">Artikel ist auf Lager</div>\n                    </div>\n                                            <div class=\"box_article_number float_left\">\n                            <div class=\"box_article_modifier float_left\"><a href=\"#\" btattached=\"true\">-</a></div>\n                            <input type=\"text\" value=\"1\" class=\"box_article_number_num float_left\" name=\"am\">\n                            <input type=\"hidden\" value=\"105\">\n                            <div class=\"box_article_modifier_plus float_left\"><a href=\"#\" btattached=\"true\">+</a></div>\n                        </div>\n                        <input type=\"submit\" value=\"In den Warenkorb\" class=\"box_article_basket float_left\">\n                                    </div>\n            </div>\n            <div class=\"box_list_regular float_left absolute\">\n                                    <div class=\"box_article_number float_left\">\n                        <div class=\"box_article_modifier float_left\"><a href=\"#\" btattached=\"true\">-</a></div>\n                        <input type=\"text\" value=\"1\" class=\"box_article_number_num float_left\" name=\"am\">\n                        <input type=\"hidden\" value=\"105\">\n                        <div class=\"box_article_modifier_plus float_left\"><a href=\"#\" btattached=\"true\">+</a></div>\n                    </div>\n                    <input type=\"submit\" value=\"In den Warenkorb\" class=\"box_article_basket float_left\">\n                                <div class=\"box_article_bio absolute\">\n                    <img src=\"https://www.lieferello.de/out/lieferello/src/img/s.png\" class=\"img_bio\" title=\"Bio\">                                                                                                                                <img src=\"https://www.lieferello.de/out/lieferello/src/img/s.png\" class=\"img_gluten\" title=\"Glutenfrei\">                </div>\n                <div class=\"box_article_price   absolute\">\n    <div>\n        5,99€*\n    </div>\n            <div class=\"old\" style=\"text-decoration:none;\">&nbsp;</div>\n        </div>\n            </div>\n        </form>\n                            \n            <div class=\"box_banderole_small absolute\" style=\"background-image:url(https://www.lieferello.de/out/lieferello/src/../../banderole/2282cdaf27e1d15a87157747fe67f35b.small.png);\"></div>\n                            </div>                                            \n                                                            \n                                        \n                                        \n                                        \n                                        \n                                        \n                                        \n                                        \n                                        \n                                        \n                                        \n                                        \n                                        \n                                        \n                                        \n                                        \n                                        \n                                        \n                                        \n                                        \n                                             \n        <div class=\"  grid4_4 relative box_height_xxxlarge box_product box_corners box_shadow margin_bottom_medium  \" style=\"cursor: pointer;\">\n        <form class=\"absolute box_product box_height_xxxlarge box_corners\" name=\"tobasket\" action=\"https://www.lieferello.de/index.php?\" method=\"post\" style=\"cursor: pointer;\">\n            <input type=\"hidden\" name=\"actcontrol\" value=\"start\">\n\n            \n<input type=\"hidden\" name=\"lang\" value=\"0\">\n            <input type=\"hidden\" name=\"pgNr\" value=\"0\">\n                                                            <input type=\"hidden\" name=\"cl\" value=\"start\">\n                                                              <input type=\"hidden\" name=\"fnc\" value=\"tobasket\">\n                                        <input type=\"hidden\" name=\"aid\" value=\"91f4d014119252307b4c66d085b072cc\">\n                                            <input type=\"hidden\" name=\"anid\" value=\"91f4d014119252307b4c66d085b072cc\">\n                                                            \n                        <div class=\"box_list_starcom float_left\">\n                <div class=\"box_stars float_left s0\"><img src=\"https://www.lieferello.de/out/lieferello/src/img/s.png\"></div>\n                <div class=\"box_comments float_left\">\n                    <div class=\"float_left\">Kommentare (0)</div>\n                    <img src=\"https://www.lieferello.de/out/lieferello/src/img/s.png\" class=\"float_left\">\n                </div>\n            </div>\n            <div class=\"box_list_listview\">\n                \n                    <div class=\"img_product float_left\"><a href=\"http://www.lieferello.de/Finnland-Shop/Fruehstueck/Fazer-Der-bessere-Haferbrei-Vollkornzerealien-500g.html\" btattached=\"true\"><img src=\"https://www.lieferello.de/out/pictures/generated/product/thumb/140_140_85/Fazer-Der-bessere-Haferbrei-Vollkornzerealien-500g.jpg\" alt=\"Fazer Der bessere Haferbrei Vollkornzerealien 500g \"></a></div>\n                \n                <div class=\"float_left box_product_details\">\n                    <div class=\"box_article_headline float_left\"><a href=\"http://www.lieferello.de/Finnland-Shop/Fruehstueck/Fazer-Der-bessere-Haferbrei-Vollkornzerealien-500g.html\" btattached=\"true\">Fazer Der bessere Haferbrei Vollkornzerealien 500g </a></div>\n                    <div class=\"box_article_details float_left\">\n                        Haferflockenmischung aus finnischer Herstellung\n                    </div>\n                    <div class=\"box_article_footer float_left\">\n                            <span id=\"productPricePerUnit_\" class=\"pricePerUnit\">\n        0.5 kg | 7,98 €&nbsp;/&nbsp;kg\n    </span>\n\n                    </div>\n                </div>\n            </div>\n            <div class=\"box_list_regular float_left\">\n                <div class=\"box_article_headline float_left\"><a href=\"http://www.lieferello.de/Finnland-Shop/Fruehstueck/Fazer-Der-bessere-Haferbrei-Vollkornzerealien-500g.html\" btattached=\"true\">Fazer Der bessere Haferbrei Vollkornzerealien 500g </a></div>\n                \n                    <div class=\"img_product\"><img src=\"https://www.lieferello.de/out/pictures/generated/product/thumb/140_140_85/Fazer-Der-bessere-Haferbrei-Vollkornzerealien-500g.jpg\" alt=\"Fazer Der bessere Haferbrei Vollkornzerealien 500g \"></div>\n                \n                <div class=\"box_article_details float_left\">\n                        <div class=\"box_article_footer absolute float_left\">\n        <div id=\"productPricePerUnit_\" class=\"pricePerUnit\">\n            <span class=\"float_left unitname\">\n                0.5 kg\n\n                                                                            </span>\n            <span class=\"float_left ppu\">7,98 €&nbsp;/&nbsp;kg</span>\n        </div>\n    </div>\n\n                </div>\n            </div>\n            <div class=\"box_list_listview pricebox\">\n                <div class=\"box_article_bio absolute\">\n                                                                                                                                                                    </div>\n                <div>\n                    <div class=\"footer_shadow_small absolute box_article_shadow\"></div>\n                    <div class=\"box_price_tag float_left\">Preis</div>\n                    <div class=\"box_article_price   float_right\">\n    <div>\n        3,99€*\n    </div>\n            <div class=\"old\" style=\"text-decoration:none;\">&nbsp;</div>\n        </div>\n                    <div class=\"box_lager float_left\">\n                        <div class=\"box_lager_avail float_left\"></div>\n                        <div class=\"float_left\">Artikel ist auf Lager</div>\n                    </div>\n                                            <div class=\"box_article_number float_left\">\n                            <div class=\"box_article_modifier float_left\"><a href=\"#\" btattached=\"true\">-</a></div>\n                            <input type=\"text\" value=\"1\" class=\"box_article_number_num float_left\" name=\"am\">\n                            <input type=\"hidden\" value=\"71\">\n                            <div class=\"box_article_modifier_plus float_left\"><a href=\"#\" btattached=\"true\">+</a></div>\n                        </div>\n                        <input type=\"submit\" value=\"In den Warenkorb\" class=\"box_article_basket float_left\">\n                                    </div>\n            </div>\n            <div class=\"box_list_regular float_left absolute\">\n                                    <div class=\"box_article_number float_left\">\n                        <div class=\"box_article_modifier float_left\"><a href=\"#\" btattached=\"true\">-</a></div>\n                        <input type=\"text\" value=\"1\" class=\"box_article_number_num float_left\" name=\"am\">\n                        <input type=\"hidden\" value=\"71\">\n                        <div class=\"box_article_modifier_plus float_left\"><a href=\"#\" btattached=\"true\">+</a></div>\n                    </div>\n                    <input type=\"submit\" value=\"In den Warenkorb\" class=\"box_article_basket float_left\">\n                                <div class=\"box_article_bio absolute\">\n                                                                                                                                                                    </div>\n                <div class=\"box_article_price   absolute\">\n    <div>\n        3,99€*\n    </div>\n            <div class=\"old\" style=\"text-decoration:none;\">&nbsp;</div>\n        </div>\n            </div>\n        </form>\n                                    </div>                                            \n                                                            \n                                        \n                                        \n                                        \n                                        \n                                        \n                                        \n                                        \n                                        \n                                        \n                                        \n                                        \n                                        \n                                        \n                                        \n                                        \n                                        \n                                        \n                                        \n                                        \n                                        \n                                             \n        <div class=\"  grid4_4 relative box_height_xxxlarge box_product box_corners box_shadow margin_bottom_medium  \" style=\"cursor: pointer;\">\n        <form class=\"absolute box_product box_height_xxxlarge box_corners\" name=\"tobasket\" action=\"https://www.lieferello.de/index.php?\" method=\"post\" style=\"cursor: pointer;\">\n            <input type=\"hidden\" name=\"actcontrol\" value=\"start\">\n\n            \n<input type=\"hidden\" name=\"lang\" value=\"0\">\n            <input type=\"hidden\" name=\"pgNr\" value=\"0\">\n                                                            <input type=\"hidden\" name=\"cl\" value=\"start\">\n                                                              <input type=\"hidden\" name=\"fnc\" value=\"tobasket\">\n                                        <input type=\"hidden\" name=\"aid\" value=\"55bb232475774828aeb9e2c57f449ab0\">\n                                            <input type=\"hidden\" name=\"anid\" value=\"55bb232475774828aeb9e2c57f449ab0\">\n                                                            \n                        <div class=\"box_list_starcom float_left\">\n                <div class=\"box_stars float_left s0\"><img src=\"https://www.lieferello.de/out/lieferello/src/img/s.png\"></div>\n                <div class=\"box_comments float_left\">\n                    <div class=\"float_left\">Kommentare (0)</div>\n                    <img src=\"https://www.lieferello.de/out/lieferello/src/img/s.png\" class=\"float_left\">\n                </div>\n            </div>\n            <div class=\"box_list_listview\">\n                \n                    <div class=\"img_product float_left\"><a href=\"http://www.lieferello.de/Kracker-Brezeln/Linkosuo-Sweet-Chili-Rye-Crisps-Roggen-Crisps-Brot-150g.html\" btattached=\"true\"><img src=\"https://www.lieferello.de/out/pictures/generated/product/thumb/140_140_85/Linkosuo-Sweet-Chili-Rye-Crisps-Roggen-Crisps-Brot-150g.jpg\" alt=\"Linkosuo Sweet Chili Rye Crisps Roggen-Crisps Brot 150g \"></a></div>\n                \n                <div class=\"float_left box_product_details\">\n                    <div class=\"box_article_headline float_left\"><a href=\"http://www.lieferello.de/Kracker-Brezeln/Linkosuo-Sweet-Chili-Rye-Crisps-Roggen-Crisps-Brot-150g.html\" btattached=\"true\">Linkosuo Sweet Chili Rye Crisps Roggen-Crisps Brot 150g </a></div>\n                    <div class=\"box_article_details float_left\">\n                        Feine Roggenbrotstückchen mit Chili-Geschmack\n                    </div>\n                    <div class=\"box_article_footer float_left\">\n                            <span id=\"productPricePerUnit_\" class=\"pricePerUnit\">\n        150 g | 1,66 €&nbsp;/&nbsp;100 g\n    </span>\n\n                    </div>\n                </div>\n            </div>\n            <div class=\"box_list_regular float_left\">\n                <div class=\"box_article_headline float_left\"><a href=\"http://www.lieferello.de/Kracker-Brezeln/Linkosuo-Sweet-Chili-Rye-Crisps-Roggen-Crisps-Brot-150g.html\" btattached=\"true\">Linkosuo Sweet Chili Rye Crisps Roggen-Crisps Brot 150g </a></div>\n                \n                    <div class=\"img_product\"><img src=\"https://www.lieferello.de/out/pictures/generated/product/thumb/140_140_85/Linkosuo-Sweet-Chili-Rye-Crisps-Roggen-Crisps-Brot-150g.jpg\" alt=\"Linkosuo Sweet Chili Rye Crisps Roggen-Crisps Brot 150g \"></div>\n                \n                <div class=\"box_article_details float_left\">\n                        <div class=\"box_article_footer absolute float_left\">\n        <div id=\"productPricePerUnit_\" class=\"pricePerUnit\">\n            <span class=\"float_left unitname\">\n                150 g\n\n                                                                            </span>\n            <span class=\"float_left ppu\">1,66 €&nbsp;/&nbsp;100 g</span>\n        </div>\n    </div>\n\n                </div>\n            </div>\n            <div class=\"box_list_listview pricebox\">\n                <div class=\"box_article_bio absolute\">\n                                                                                                                                                                    </div>\n                <div>\n                    <div class=\"footer_shadow_small absolute box_article_shadow\"></div>\n                    <div class=\"box_price_tag float_left\">Preis</div>\n                    <div class=\"box_article_price   float_right\">\n    <div>\n        2,49€*\n    </div>\n            <div class=\"old\" style=\"text-decoration:none;\">&nbsp;</div>\n        </div>\n                    <div class=\"box_lager float_left\">\n                        <div class=\"box_lager_avail float_left\"></div>\n                        <div class=\"float_left\">Artikel ist auf Lager</div>\n                    </div>\n                                            <div class=\"box_article_number float_left\">\n                            <div class=\"box_article_modifier float_left\"><a href=\"#\" btattached=\"true\">-</a></div>\n                            <input type=\"text\" value=\"1\" class=\"box_article_number_num float_left\" name=\"am\">\n                            <input type=\"hidden\" value=\"184\">\n                            <div class=\"box_article_modifier_plus float_left\"><a href=\"#\" btattached=\"true\">+</a></div>\n                        </div>\n                        <input type=\"submit\" value=\"In den Warenkorb\" class=\"box_article_basket float_left\">\n                                    </div>\n            </div>\n            <div class=\"box_list_regular float_left absolute\">\n                                    <div class=\"box_article_number float_left\">\n                        <div class=\"box_article_modifier float_left\"><a href=\"#\" btattached=\"true\">-</a></div>\n                        <input type=\"text\" value=\"1\" class=\"box_article_number_num float_left\" name=\"am\">\n                        <input type=\"hidden\" value=\"184\">\n                        <div class=\"box_article_modifier_plus float_left\"><a href=\"#\" btattached=\"true\">+</a></div>\n                    </div>\n                    <input type=\"submit\" value=\"In den Warenkorb\" class=\"box_article_basket float_left\">\n                                <div class=\"box_article_bio absolute\">\n                                                                                                                                                                    </div>\n                <div class=\"box_article_price   absolute\">\n    <div>\n        2,49€*\n    </div>\n            <div class=\"old\" style=\"text-decoration:none;\">&nbsp;</div>\n        </div>\n            </div>\n        </form>\n                                    </div>                                            \n                                                            \n                                        \n                                        \n                                                    \n                                        \n                                        \n                                        \n                                        \n                                        \n                                        \n                                        \n                                        \n                                             \n        <div class=\"  grid4_4 relative box_height_xxxlarge box_product box_corners box_shadow margin_bottom_medium  \" style=\"cursor: pointer;\">\n        <form class=\"absolute box_product box_height_xxxlarge box_corners\" name=\"tobasket\" action=\"https://www.lieferello.de/index.php?\" method=\"post\" style=\"cursor: pointer;\">\n            <input type=\"hidden\" name=\"actcontrol\" value=\"start\">\n\n            \n<input type=\"hidden\" name=\"lang\" value=\"0\">\n            <input type=\"hidden\" name=\"pgNr\" value=\"0\">\n                                                            <input type=\"hidden\" name=\"cl\" value=\"start\">\n                                                              <input type=\"hidden\" name=\"fnc\" value=\"tobasket\">\n                                        <input type=\"hidden\" name=\"aid\" value=\"893c0a88d28794a25b27ed049ee032d4\">\n                                            <input type=\"hidden\" name=\"anid\" value=\"893c0a88d28794a25b27ed049ee032d4\">\n                                                            \n                        <div class=\"box_list_starcom float_left\">\n                <div class=\"box_stars float_left s0\"><img src=\"https://www.lieferello.de/out/lieferello/src/img/s.png\"></div>\n                <div class=\"box_comments float_left\">\n                    <div class=\"float_left\">Kommentare (0)</div>\n                    <img src=\"https://www.lieferello.de/out/lieferello/src/img/s.png\" class=\"float_left\">\n                </div>\n            </div>\n            <div class=\"box_list_listview\">\n                \n                    <div class=\"img_product float_left\"><a href=\"http://www.lieferello.de/new/Spring-Aqua-Quellwasser-still-0-75l.html\" btattached=\"true\"><img src=\"https://www.lieferello.de/out/pictures/generated/product/thumb/140_140_85/Spring-Aqua-Quellwasser-still-0-75l.jpg\" alt=\"Spring Aqua Quellwasser still 0,75l \"></a></div>\n                \n                <div class=\"float_left box_product_details\">\n                    <div class=\"box_article_headline float_left\"><a href=\"http://www.lieferello.de/new/Spring-Aqua-Quellwasser-still-0-75l.html\" btattached=\"true\">Spring Aqua Quellwasser still 0,75l </a></div>\n                    <div class=\"box_article_details float_left\">\n                        Stilles Wasser aus der Multila-Quelle in Finnland\n                    </div>\n                    <div class=\"box_article_footer float_left\">\n                            <span id=\"productPricePerUnit_\" class=\"pricePerUnit\">\n        0.75 l | 2,25 €&nbsp;/&nbsp;l\n    </span>\n\n                    </div>\n                </div>\n            </div>\n            <div class=\"box_list_regular float_left\">\n                <div class=\"box_article_headline float_left\"><a href=\"http://www.lieferello.de/new/Spring-Aqua-Quellwasser-still-0-75l.html\" btattached=\"true\">Spring Aqua Quellwasser still 0,75l </a></div>\n                \n                    <div class=\"img_product\"><img src=\"https://www.lieferello.de/out/pictures/generated/product/thumb/140_140_85/Spring-Aqua-Quellwasser-still-0-75l.jpg\" alt=\"Spring Aqua Quellwasser still 0,75l \"></div>\n                \n                <div class=\"box_article_details float_left\">\n                        <div class=\"box_article_footer absolute float_left\">\n        <div id=\"productPricePerUnit_\" class=\"pricePerUnit\">\n            <span class=\"float_left unitname\">\n                0.75 l\n\n                                                                            </span>\n            <span class=\"float_left ppu\">2,25 €&nbsp;/&nbsp;l</span>\n        </div>\n    </div>\n\n                </div>\n            </div>\n            <div class=\"box_list_listview pricebox\">\n                <div class=\"box_article_bio absolute\">\n                                                                                                                                                                    </div>\n                <div>\n                    <div class=\"footer_shadow_small absolute box_article_shadow\"></div>\n                    <div class=\"box_price_tag float_left\">Preis</div>\n                    <div class=\"box_article_price  pfandA float_right\">\n    <div>\n        1,69€*\n    </div>\n            <div class=\"old\" style=\"text-decoration:none;\">&nbsp;</div>\n                <div class=\"pfand\">\n                zzgl. \n                0,25\n                €\n                Pfand\n        </div>\n    </div>\n                    <div class=\"box_lager float_left\">\n                        <div class=\"box_lager_avail float_left\"></div>\n                        <div class=\"float_left\">Artikel ist auf Lager</div>\n                    </div>\n                                            <div class=\"box_article_number float_left\">\n                            <div class=\"box_article_modifier float_left\"><a href=\"#\" btattached=\"true\">-</a></div>\n                            <input type=\"text\" value=\"1\" class=\"box_article_number_num float_left\" name=\"am\">\n                            <input type=\"hidden\" value=\"88\">\n                            <div class=\"box_article_modifier_plus float_left\"><a href=\"#\" btattached=\"true\">+</a></div>\n                        </div>\n                        <input type=\"submit\" value=\"In den Warenkorb\" class=\"box_article_basket float_left\">\n                                    </div>\n            </div>\n            <div class=\"box_list_regular float_left absolute\">\n                                    <div class=\"box_article_number float_left\">\n                        <div class=\"box_article_modifier float_left\"><a href=\"#\" btattached=\"true\">-</a></div>\n                        <input type=\"text\" value=\"1\" class=\"box_article_number_num float_left\" name=\"am\">\n                        <input type=\"hidden\" value=\"88\">\n                        <div class=\"box_article_modifier_plus float_left\"><a href=\"#\" btattached=\"true\">+</a></div>\n                    </div>\n                    <input type=\"submit\" value=\"In den Warenkorb\" class=\"box_article_basket float_left\">\n                                <div class=\"box_article_bio absolute\">\n                                                                                                                                                                    </div>\n                <div class=\"box_article_price  pfandA absolute\">\n    <div>\n        1,69€*\n    </div>\n            <div class=\"old\" style=\"text-decoration:none;\">&nbsp;</div>\n                <div class=\"pfand\">\n                zzgl. \n                0,25\n                €\n                Pfand\n        </div>\n    </div>\n            </div>\n        </form>\n                                    </div>                                                                                                        </div>\n                                                        <div class=\"float_left first\">\n                        \n                                                            \n                                        \n                                        \n                                        \n                                        \n                                        \n                                        \n                                        \n                                        \n                                        \n                                        \n                                        \n                                        \n                                        \n                                        \n                                        \n                                             \n        <div class=\"  grid4_4 relative box_height_xxxlarge box_product box_corners box_shadow margin_bottom_medium  \" style=\"cursor: pointer;\">\n        <form class=\"absolute box_product box_height_xxxlarge box_corners\" name=\"tobasket\" action=\"https://www.lieferello.de/index.php?\" method=\"post\" style=\"cursor: pointer;\">\n            <input type=\"hidden\" name=\"actcontrol\" value=\"start\">\n\n            \n<input type=\"hidden\" name=\"lang\" value=\"0\">\n            <input type=\"hidden\" name=\"pgNr\" value=\"0\">\n                                                            <input type=\"hidden\" name=\"cl\" value=\"start\">\n                                                              <input type=\"hidden\" name=\"fnc\" value=\"tobasket\">\n                                        <input type=\"hidden\" name=\"aid\" value=\"935d0e6e37760b5d6d1874efc3221027\">\n                                            <input type=\"hidden\" name=\"anid\" value=\"935d0e6e37760b5d6d1874efc3221027\">\n                                                            \n                        <div class=\"box_list_starcom float_left\">\n                <div class=\"box_stars float_left s0\"><img src=\"https://www.lieferello.de/out/lieferello/src/img/s.png\"></div>\n                <div class=\"box_comments float_left\">\n                    <div class=\"float_left\">Kommentare (0)</div>\n                    <img src=\"https://www.lieferello.de/out/lieferello/src/img/s.png\" class=\"float_left\">\n                </div>\n            </div>\n            <div class=\"box_list_listview\">\n                \n                    <div class=\"img_product float_left\"><a href=\"http://www.lieferello.de/Weissweine-in-der-Bag-in-Box/Camper-Vin-White-Weisswein-trocken-12-5-Vol-Bag-in-Box-2-25l.html\" btattached=\"true\"><img src=\"https://www.lieferello.de/out/pictures/generated/product/thumb/140_140_85/Camper-Vin-White-Weisswein-trocken-12-5-Vol-Bag-in-Box-2-25l.jpg\" alt=\"Camper Vin White Weißwein trocken 12,5% Vol. Bag-in-Box 2,25l \"></a></div>\n                \n                <div class=\"float_left box_product_details\">\n                    <div class=\"box_article_headline float_left\"><a href=\"http://www.lieferello.de/Weissweine-in-der-Bag-in-Box/Camper-Vin-White-Weisswein-trocken-12-5-Vol-Bag-in-Box-2-25l.html\" btattached=\"true\">Camper Vin White Weißwein trocken 12,5% Vol. Bag-in-Box 2,25l </a></div>\n                    <div class=\"box_article_details float_left\">\n                        Ein herrlicher Weißwein für Unterwegs\n                    </div>\n                    <div class=\"box_article_footer float_left\">\n                            <span id=\"productPricePerUnit_\" class=\"pricePerUnit\">\n        2.25 l | 5,77 €&nbsp;/&nbsp;l\n    </span>\n\n                    </div>\n                </div>\n            </div>\n            <div class=\"box_list_regular float_left\">\n                <div class=\"box_article_headline float_left\"><a href=\"http://www.lieferello.de/Weissweine-in-der-Bag-in-Box/Camper-Vin-White-Weisswein-trocken-12-5-Vol-Bag-in-Box-2-25l.html\" btattached=\"true\">Camper Vin White Weißwein trocken 12,5% Vol. Bag-in-Box 2,25l </a></div>\n                \n                    <div class=\"img_product\"><img src=\"https://www.lieferello.de/out/pictures/generated/product/thumb/140_140_85/Camper-Vin-White-Weisswein-trocken-12-5-Vol-Bag-in-Box-2-25l.jpg\" alt=\"Camper Vin White Weißwein trocken 12,5% Vol. Bag-in-Box 2,25l \"></div>\n                \n                <div class=\"box_article_details float_left\">\n                        <div class=\"box_article_footer absolute float_left\">\n        <div id=\"productPricePerUnit_\" class=\"pricePerUnit\">\n            <span class=\"float_left unitname\">\n                2.25 l\n\n                                                                            </span>\n            <span class=\"float_left ppu\">5,77 €&nbsp;/&nbsp;l</span>\n        </div>\n    </div>\n\n                </div>\n            </div>\n            <div class=\"box_list_listview pricebox\">\n                <div class=\"box_article_bio absolute\">\n                                                                                                                                                                    </div>\n                <div>\n                    <div class=\"footer_shadow_small absolute box_article_shadow\"></div>\n                    <div class=\"box_price_tag float_left\">Preis</div>\n                    <div class=\"box_article_price   float_right\">\n    <div>\n        12,99€*\n    </div>\n            <div class=\"old\" style=\"text-decoration:none;\">&nbsp;</div>\n        </div>\n                    <div class=\"box_lager float_left\">\n                        <div class=\"box_lager_avail float_left\"></div>\n                        <div class=\"float_left\">Artikel ist auf Lager</div>\n                    </div>\n                                            <div class=\"box_article_number float_left\">\n                            <div class=\"box_article_modifier float_left\"><a href=\"#\" btattached=\"true\">-</a></div>\n                            <input type=\"text\" value=\"1\" class=\"box_article_number_num float_left\" name=\"am\">\n                            <input type=\"hidden\" value=\"620\">\n                            <div class=\"box_article_modifier_plus float_left\"><a href=\"#\" btattached=\"true\">+</a></div>\n                        </div>\n                        <input type=\"submit\" value=\"In den Warenkorb\" class=\"box_article_basket float_left\">\n                                    </div>\n            </div>\n            <div class=\"box_list_regular float_left absolute\">\n                                    <div class=\"box_article_number float_left\">\n                        <div class=\"box_article_modifier float_left\"><a href=\"#\" btattached=\"true\">-</a></div>\n                        <input type=\"text\" value=\"1\" class=\"box_article_number_num float_left\" name=\"am\">\n                        <input type=\"hidden\" value=\"620\">\n                        <div class=\"box_article_modifier_plus float_left\"><a href=\"#\" btattached=\"true\">+</a></div>\n                    </div>\n                    <input type=\"submit\" value=\"In den Warenkorb\" class=\"box_article_basket float_left\">\n                                <div class=\"box_article_bio absolute\">\n                                                                                                                                                                    </div>\n                <div class=\"box_article_price   absolute\">\n    <div>\n        12,99€*\n    </div>\n            <div class=\"old\" style=\"text-decoration:none;\">&nbsp;</div>\n        </div>\n            </div>\n        </form>\n                                    </div>                                            \n                                                            \n                                        \n                                        \n                                        \n                                                    \n                                        \n                                        \n                                        \n                                        \n                                        \n                                        \n                                        \n                                        \n                                             \n        <div class=\"  grid4_4 relative box_height_xxxlarge box_product box_corners box_shadow margin_bottom_medium  \" style=\"cursor: pointer;\">\n        <form class=\"absolute box_product box_height_xxxlarge box_corners\" name=\"tobasket\" action=\"https://www.lieferello.de/index.php?\" method=\"post\" style=\"cursor: pointer;\">\n            <input type=\"hidden\" name=\"actcontrol\" value=\"start\">\n\n            \n<input type=\"hidden\" name=\"lang\" value=\"0\">\n            <input type=\"hidden\" name=\"pgNr\" value=\"0\">\n                                                            <input type=\"hidden\" name=\"cl\" value=\"start\">\n                                                              <input type=\"hidden\" name=\"fnc\" value=\"tobasket\">\n                                        <input type=\"hidden\" name=\"aid\" value=\"33329b958bbbfbd77a3bb45492431aec\">\n                                            <input type=\"hidden\" name=\"anid\" value=\"33329b958bbbfbd77a3bb45492431aec\">\n                                                            \n                        <div class=\"box_list_starcom float_left\">\n                <div class=\"box_stars float_left s0\"><img src=\"https://www.lieferello.de/out/lieferello/src/img/s.png\"></div>\n                <div class=\"box_comments float_left\">\n                    <div class=\"float_left\">Kommentare (0)</div>\n                    <img src=\"https://www.lieferello.de/out/lieferello/src/img/s.png\" class=\"float_left\">\n                </div>\n            </div>\n            <div class=\"box_list_listview\">\n                \n                    <div class=\"img_product float_left\"><a href=\"http://www.lieferello.de/new/Hartkorn-Bio-Zimt-Ceylon-Canehl-ganz-30g.html\" btattached=\"true\"><img src=\"https://www.lieferello.de/out/pictures/generated/product/thumb/140_140_85/Hartkorn-Bio-Zimt-Ceylon-Canehl-ganz-30g.jpg\" alt=\"Hartkorn Bio Zimt Ceylon Canehl ganz 30g \"></a></div>\n                \n                <div class=\"float_left box_product_details\">\n                    <div class=\"box_article_headline float_left\"><a href=\"http://www.lieferello.de/new/Hartkorn-Bio-Zimt-Ceylon-Canehl-ganz-30g.html\" btattached=\"true\">Hartkorn Bio Zimt Ceylon Canehl ganz 30g </a></div>\n                    <div class=\"box_article_details float_left\">\n                        Ganze Ceylon Zimtstangen aus biologischem Anbau\n                    </div>\n                    <div class=\"box_article_footer float_left\">\n                            <span id=\"productPricePerUnit_\" class=\"pricePerUnit\">\n        30 g | 16,63 €&nbsp;/&nbsp;100 g\n    </span>\n\n                    </div>\n                </div>\n            </div>\n            <div class=\"box_list_regular float_left\">\n                <div class=\"box_article_headline float_left\"><a href=\"http://www.lieferello.de/new/Hartkorn-Bio-Zimt-Ceylon-Canehl-ganz-30g.html\" btattached=\"true\">Hartkorn Bio Zimt Ceylon Canehl ganz 30g </a></div>\n                \n                    <div class=\"img_product\"><img src=\"https://www.lieferello.de/out/pictures/generated/product/thumb/140_140_85/Hartkorn-Bio-Zimt-Ceylon-Canehl-ganz-30g.jpg\" alt=\"Hartkorn Bio Zimt Ceylon Canehl ganz 30g \"></div>\n                \n                <div class=\"box_article_details float_left\">\n                        <div class=\"box_article_footer absolute float_left\">\n        <div id=\"productPricePerUnit_\" class=\"pricePerUnit\">\n            <span class=\"float_left unitname\">\n                30 g\n\n                                                                            </span>\n            <span class=\"float_left ppu\">16,63 €&nbsp;/&nbsp;100 g</span>\n        </div>\n    </div>\n\n                </div>\n            </div>\n            <div class=\"box_list_listview pricebox\">\n                <div class=\"box_article_bio absolute\">\n                    <img src=\"https://www.lieferello.de/out/lieferello/src/img/s.png\" class=\"img_bio\" title=\"Bio\">                                                                                                                                                </div>\n                <div>\n                    <div class=\"footer_shadow_small absolute box_article_shadow\"></div>\n                    <div class=\"box_price_tag float_left\">Preis</div>\n                    <div class=\"box_article_price   float_right\">\n    <div>\n        4,99€*\n    </div>\n            <div class=\"old\" style=\"text-decoration:none;\">&nbsp;</div>\n        </div>\n                    <div class=\"box_lager float_left\">\n                        <div class=\"box_lager_avail float_left\"></div>\n                        <div class=\"float_left\">Artikel ist auf Lager</div>\n                    </div>\n                                            <div class=\"box_article_number float_left\">\n                            <div class=\"box_article_modifier float_left\"><a href=\"#\" btattached=\"true\">-</a></div>\n                            <input type=\"text\" value=\"1\" class=\"box_article_number_num float_left\" name=\"am\">\n                            <input type=\"hidden\" value=\"10\">\n                            <div class=\"box_article_modifier_plus float_left\"><a href=\"#\" btattached=\"true\">+</a></div>\n                        </div>\n                        <input type=\"submit\" value=\"In den Warenkorb\" class=\"box_article_basket float_left\">\n                                    </div>\n            </div>\n            <div class=\"box_list_regular float_left absolute\">\n                                    <div class=\"box_article_number float_left\">\n                        <div class=\"box_article_modifier float_left\"><a href=\"#\" btattached=\"true\">-</a></div>\n                        <input type=\"text\" value=\"1\" class=\"box_article_number_num float_left\" name=\"am\">\n                        <input type=\"hidden\" value=\"10\">\n                        <div class=\"box_article_modifier_plus float_left\"><a href=\"#\" btattached=\"true\">+</a></div>\n                    </div>\n                    <input type=\"submit\" value=\"In den Warenkorb\" class=\"box_article_basket float_left\">\n                                <div class=\"box_article_bio absolute\">\n                    <img src=\"https://www.lieferello.de/out/lieferello/src/img/s.png\" class=\"img_bio\" title=\"Bio\">                                                                                                                                                </div>\n                <div class=\"box_article_price   absolute\">\n    <div>\n        4,99€*\n    </div>\n            <div class=\"old\" style=\"text-decoration:none;\">&nbsp;</div>\n        </div>\n            </div>\n        </form>\n                                    </div>                                            \n                                                            \n                                        \n                                        \n                                        \n                                        \n                                        \n                                        \n                                        \n                                        \n                                        \n                                                    \n                                        \n                                        \n                                        \n                                        \n                                        \n                                        \n                                        \n                                        \n                                        \n                                        \n                                        \n                                        \n                                        \n                                             \n        <div class=\"  grid4_4 relative box_height_xxxlarge box_product box_corners box_shadow margin_bottom_medium  \" style=\"cursor: pointer;\">\n        <form class=\"absolute box_product box_height_xxxlarge box_corners\" name=\"tobasket\" action=\"https://www.lieferello.de/index.php?\" method=\"post\" style=\"cursor: pointer;\">\n            <input type=\"hidden\" name=\"actcontrol\" value=\"start\">\n\n            \n<input type=\"hidden\" name=\"lang\" value=\"0\">\n            <input type=\"hidden\" name=\"pgNr\" value=\"0\">\n                                                            <input type=\"hidden\" name=\"cl\" value=\"start\">\n                                                              <input type=\"hidden\" name=\"fnc\" value=\"tobasket\">\n                                        <input type=\"hidden\" name=\"aid\" value=\"26670c247223c89b118e281486a00f4d\">\n                                            <input type=\"hidden\" name=\"anid\" value=\"26670c247223c89b118e281486a00f4d\">\n                                                            \n                        <div class=\"box_list_starcom float_left\">\n                <div class=\"box_stars float_left s0\"><img src=\"https://www.lieferello.de/out/lieferello/src/img/s.png\"></div>\n                <div class=\"box_comments float_left\">\n                    <div class=\"float_left\">Kommentare (0)</div>\n                    <img src=\"https://www.lieferello.de/out/lieferello/src/img/s.png\" class=\"float_left\">\n                </div>\n            </div>\n            <div class=\"box_list_listview\">\n                \n                    <div class=\"img_product float_left\"><a href=\"http://www.lieferello.de/new/Silver-Fern-Farms-Rinderfilet-in-Scheiben-aus-Neuseeland-TK-200g.html\" btattached=\"true\"><img src=\"https://www.lieferello.de/out/pictures/generated/product/thumb/140_140_85/Silver-Fern-Farms-Rinderfilet-in-Scheiben-aus-Neuseeland-TK-200g.jpg\" alt=\"Silver Fern Farms Rinderfilet in Scheiben aus Neuseeland TK 200g \"></a></div>\n                \n                <div class=\"float_left box_product_details\">\n                    <div class=\"box_article_headline float_left\"><a href=\"http://www.lieferello.de/new/Silver-Fern-Farms-Rinderfilet-in-Scheiben-aus-Neuseeland-TK-200g.html\" btattached=\"true\">Silver Fern Farms Rinderfilet in Scheiben aus Neuseeland TK 200g </a></div>\n                    <div class=\"box_article_details float_left\">\n                        Hochwertiges Rinderfilet aus Neuseeland in Scheiben\n                    </div>\n                    <div class=\"box_article_footer float_left\">\n                            <span id=\"productPricePerUnit_\" class=\"pricePerUnit\">\n        200 g | 7,50 €&nbsp;/&nbsp;100 g\n    </span>\n\n                    </div>\n                </div>\n            </div>\n            <div class=\"box_list_regular float_left\">\n                <div class=\"box_article_headline float_left\"><a href=\"http://www.lieferello.de/new/Silver-Fern-Farms-Rinderfilet-in-Scheiben-aus-Neuseeland-TK-200g.html\" btattached=\"true\">Silver Fern Farms Rinderfilet in Scheiben aus Neuseeland TK 200g </a></div>\n                \n                    <div class=\"img_product\"><img src=\"https://www.lieferello.de/out/pictures/generated/product/thumb/140_140_85/Silver-Fern-Farms-Rinderfilet-in-Scheiben-aus-Neuseeland-TK-200g.jpg\" alt=\"Silver Fern Farms Rinderfilet in Scheiben aus Neuseeland TK 200g \"></div>\n                \n                <div class=\"box_article_details float_left\">\n                        <div class=\"box_article_footer absolute float_left\">\n        <div id=\"productPricePerUnit_\" class=\"pricePerUnit\">\n            <span class=\"float_left unitname\">\n                200 g\n\n                                                                            </span>\n            <span class=\"float_left ppu\">7,50 €&nbsp;/&nbsp;100 g</span>\n        </div>\n    </div>\n\n                </div>\n            </div>\n            <div class=\"box_list_listview pricebox\">\n                <div class=\"box_article_bio absolute\">\n                                                                                                                                                                    </div>\n                <div>\n                    <div class=\"footer_shadow_small absolute box_article_shadow\"></div>\n                    <div class=\"box_price_tag float_left\">Preis</div>\n                    <div class=\"box_article_price   float_right\">\n    <div>\n        14,99€*\n    </div>\n            <div class=\"old\" style=\"text-decoration:none;\">&nbsp;</div>\n        </div>\n                    <div class=\"box_lager float_left\">\n                        <div class=\"box_lager_avail float_left\"></div>\n                        <div class=\"float_left\">Artikel ist auf Lager</div>\n                    </div>\n                                            <div class=\"box_article_number float_left\">\n                            <div class=\"box_article_modifier float_left\"><a href=\"#\" btattached=\"true\">-</a></div>\n                            <input type=\"text\" value=\"1\" class=\"box_article_number_num float_left\" name=\"am\">\n                            <input type=\"hidden\" value=\"97\">\n                            <div class=\"box_article_modifier_plus float_left\"><a href=\"#\" btattached=\"true\">+</a></div>\n                        </div>\n                        <input type=\"submit\" value=\"In den Warenkorb\" class=\"box_article_basket float_left\">\n                                    </div>\n            </div>\n            <div class=\"box_list_regular float_left absolute\">\n                                    <div class=\"box_article_number float_left\">\n                        <div class=\"box_article_modifier float_left\"><a href=\"#\" btattached=\"true\">-</a></div>\n                        <input type=\"text\" value=\"1\" class=\"box_article_number_num float_left\" name=\"am\">\n                        <input type=\"hidden\" value=\"97\">\n                        <div class=\"box_article_modifier_plus float_left\"><a href=\"#\" btattached=\"true\">+</a></div>\n                    </div>\n                    <input type=\"submit\" value=\"In den Warenkorb\" class=\"box_article_basket float_left\">\n                                <div class=\"box_article_bio absolute\">\n                                                                                                                                                                    </div>\n                <div class=\"box_article_price   absolute\">\n    <div>\n        14,99€*\n    </div>\n            <div class=\"old\" style=\"text-decoration:none;\">&nbsp;</div>\n        </div>\n            </div>\n        </form>\n                            \n            <div class=\"box_banderole_small absolute\" style=\"background-image:url(https://www.lieferello.de/out/lieferello/src/../../banderole/2282cdaf27e1d15a87157747fe67f35b.small.png);\"></div>\n                            </div>                                            \n                                                            \n                                        \n                                        \n                                        \n                                        \n                                        \n                                        \n                                        \n                                        \n                                             \n        <div class=\"  grid4_4 relative box_height_xxxlarge box_product box_corners box_shadow margin_bottom_medium  \" style=\"cursor: pointer;\">\n        <form class=\"absolute box_product box_height_xxxlarge box_corners\" name=\"tobasket\" action=\"https://www.lieferello.de/index.php?\" method=\"post\" style=\"cursor: pointer;\">\n            <input type=\"hidden\" name=\"actcontrol\" value=\"start\">\n\n            \n<input type=\"hidden\" name=\"lang\" value=\"0\">\n            <input type=\"hidden\" name=\"pgNr\" value=\"0\">\n                                                            <input type=\"hidden\" name=\"cl\" value=\"start\">\n                                                              <input type=\"hidden\" name=\"fnc\" value=\"tobasket\">\n                                        <input type=\"hidden\" name=\"aid\" value=\"f14743f16d88d2bd89cc230e21bbac20\">\n                                            <input type=\"hidden\" name=\"anid\" value=\"f14743f16d88d2bd89cc230e21bbac20\">\n                                                            \n                        <div class=\"box_list_starcom float_left\">\n                <div class=\"box_stars float_left s0\"><img src=\"https://www.lieferello.de/out/lieferello/src/img/s.png\"></div>\n                <div class=\"box_comments float_left\">\n                    <div class=\"float_left\">Kommentare (0)</div>\n                    <img src=\"https://www.lieferello.de/out/lieferello/src/img/s.png\" class=\"float_left\">\n                </div>\n            </div>\n            <div class=\"box_list_listview\">\n                \n                    <div class=\"img_product float_left\"><a href=\"http://www.lieferello.de/new/Culcasi-Salzblumen-200g.html\" btattached=\"true\"><img src=\"https://www.lieferello.de/out/pictures/generated/product/thumb/140_140_85/Culcasi-Salzblumen-200g.jpg\" alt=\"Culcasi Salzblumen 200g \"></a></div>\n                \n                <div class=\"float_left box_product_details\">\n                    <div class=\"box_article_headline float_left\"><a href=\"http://www.lieferello.de/new/Culcasi-Salzblumen-200g.html\" btattached=\"true\">Culcasi Salzblumen 200g </a></div>\n                    <div class=\"box_article_details float_left\">\n                        Naturbelassenes Meersalz für Gourmets\n                    </div>\n                    <div class=\"box_article_footer float_left\">\n                            <span id=\"productPricePerUnit_\" class=\"pricePerUnit\">\n        200 g | 5,00 €&nbsp;/&nbsp;100 g\n    </span>\n\n                    </div>\n                </div>\n            </div>\n            <div class=\"box_list_regular float_left\">\n                <div class=\"box_article_headline float_left\"><a href=\"http://www.lieferello.de/new/Culcasi-Salzblumen-200g.html\" btattached=\"true\">Culcasi Salzblumen 200g </a></div>\n                \n                    <div class=\"img_product\"><img src=\"https://www.lieferello.de/out/pictures/generated/product/thumb/140_140_85/Culcasi-Salzblumen-200g.jpg\" alt=\"Culcasi Salzblumen 200g \"></div>\n                \n                <div class=\"box_article_details float_left\">\n                        <div class=\"box_article_footer absolute float_left\">\n        <div id=\"productPricePerUnit_\" class=\"pricePerUnit\">\n            <span class=\"float_left unitname\">\n                200 g\n\n                                                                            </span>\n            <span class=\"float_left ppu\">5,00 €&nbsp;/&nbsp;100 g</span>\n        </div>\n    </div>\n\n                </div>\n            </div>\n            <div class=\"box_list_listview pricebox\">\n                <div class=\"box_article_bio absolute\">\n                                                                                                                                                                    </div>\n                <div>\n                    <div class=\"footer_shadow_small absolute box_article_shadow\"></div>\n                    <div class=\"box_price_tag float_left\">Preis</div>\n                    <div class=\"box_article_price   float_right\">\n    <div>\n        9,99€*\n    </div>\n            <div class=\"old\" style=\"text-decoration:none;\">&nbsp;</div>\n        </div>\n                    <div class=\"box_lager float_left\">\n                        <div class=\"box_lager_avail float_left\"></div>\n                        <div class=\"float_left\">Artikel ist auf Lager</div>\n                    </div>\n                                            <div class=\"box_article_number float_left\">\n                            <div class=\"box_article_modifier float_left\"><a href=\"#\" btattached=\"true\">-</a></div>\n                            <input type=\"text\" value=\"1\" class=\"box_article_number_num float_left\" name=\"am\">\n                            <input type=\"hidden\" value=\"1\">\n                            <div class=\"box_article_modifier_plus float_left\"><a href=\"#\" btattached=\"true\">+</a></div>\n                        </div>\n                        <input type=\"submit\" value=\"In den Warenkorb\" class=\"box_article_basket float_left\">\n                                    </div>\n            </div>\n            <div class=\"box_list_regular float_left absolute\">\n                                    <div class=\"box_article_number float_left\">\n                        <div class=\"box_article_modifier float_left\"><a href=\"#\" btattached=\"true\">-</a></div>\n                        <input type=\"text\" value=\"1\" class=\"box_article_number_num float_left\" name=\"am\">\n                        <input type=\"hidden\" value=\"1\">\n                        <div class=\"box_article_modifier_plus float_left\"><a href=\"#\" btattached=\"true\">+</a></div>\n                    </div>\n                    <input type=\"submit\" value=\"In den Warenkorb\" class=\"box_article_basket float_left\">\n                                <div class=\"box_article_bio absolute\">\n                                                                                                                                                                    </div>\n                <div class=\"box_article_price   absolute\">\n    <div>\n        9,99€*\n    </div>\n            <div class=\"old\" style=\"text-decoration:none;\">&nbsp;</div>\n        </div>\n            </div>\n        </form>\n                                    </div>                                            \n                                                            \n                                        \n                                        \n                                        \n                                        \n                                        \n                                        \n                                        \n                                                    \n                                        \n                                        \n                                        \n                                        \n                                        \n                                        \n                                        \n                                        \n                                        \n                                        \n                                        \n                                        \n                                        \n                                        \n                                        \n                                             \n        <div class=\"  grid4_4 relative box_height_xxxlarge box_product box_corners box_shadow margin_bottom_medium  \" style=\"cursor: pointer;\">\n        <form class=\"absolute box_product box_height_xxxlarge box_corners\" name=\"tobasket\" action=\"https://www.lieferello.de/index.php?\" method=\"post\" style=\"cursor: pointer;\">\n            <input type=\"hidden\" name=\"actcontrol\" value=\"start\">\n\n            \n<input type=\"hidden\" name=\"lang\" value=\"0\">\n            <input type=\"hidden\" name=\"pgNr\" value=\"0\">\n                                                            <input type=\"hidden\" name=\"cl\" value=\"start\">\n                                                              <input type=\"hidden\" name=\"fnc\" value=\"tobasket\">\n                                        <input type=\"hidden\" name=\"aid\" value=\"72e26d554a04dc4cc352780ee74bb777\">\n                                            <input type=\"hidden\" name=\"anid\" value=\"72e26d554a04dc4cc352780ee74bb777\">\n                                                            \n                        <div class=\"box_list_starcom float_left\">\n                <div class=\"box_stars float_left s0\"><img src=\"https://www.lieferello.de/out/lieferello/src/img/s.png\"></div>\n                <div class=\"box_comments float_left\">\n                    <div class=\"float_left\">Kommentare (0)</div>\n                    <img src=\"https://www.lieferello.de/out/lieferello/src/img/s.png\" class=\"float_left\">\n                </div>\n            </div>\n            <div class=\"box_list_listview\">\n                \n                    <div class=\"img_product float_left\"><a href=\"http://www.lieferello.de/new/WokFoods-Konjac-Koerner-200g.html\" btattached=\"true\"><img src=\"https://www.lieferello.de/out/pictures/generated/product/thumb/140_140_85/WokFoods-Konjac-Koerner-200g.jpg\" alt=\"WokFoods Konjac Körner 200g \"></a></div>\n                \n                <div class=\"float_left box_product_details\">\n                    <div class=\"box_article_headline float_left\"><a href=\"http://www.lieferello.de/new/WokFoods-Konjac-Koerner-200g.html\" btattached=\"true\">WokFoods Konjac Körner 200g </a></div>\n                    <div class=\"box_article_details float_left\">\n                        Kalorienarme Körner aus Konjac-Mehl\n                    </div>\n                    <div class=\"box_article_footer float_left\">\n                            <span id=\"productPricePerUnit_\" class=\"pricePerUnit\">\n        200 g | 1,00 €&nbsp;/&nbsp;100 g\n    </span>\n\n                    </div>\n                </div>\n            </div>\n            <div class=\"box_list_regular float_left\">\n                <div class=\"box_article_headline float_left\"><a href=\"http://www.lieferello.de/new/WokFoods-Konjac-Koerner-200g.html\" btattached=\"true\">WokFoods Konjac Körner 200g </a></div>\n                \n                    <div class=\"img_product\"><img src=\"https://www.lieferello.de/out/pictures/generated/product/thumb/140_140_85/WokFoods-Konjac-Koerner-200g.jpg\" alt=\"WokFoods Konjac Körner 200g \"></div>\n                \n                <div class=\"box_article_details float_left\">\n                        <div class=\"box_article_footer absolute float_left\">\n        <div id=\"productPricePerUnit_\" class=\"pricePerUnit\">\n            <span class=\"float_left unitname\">\n                200 g\n\n                                                                            </span>\n            <span class=\"float_left ppu\">1,00 €&nbsp;/&nbsp;100 g</span>\n        </div>\n    </div>\n\n                </div>\n            </div>\n            <div class=\"box_list_listview pricebox\">\n                <div class=\"box_article_bio absolute\">\n                                                                                    <img src=\"https://www.lieferello.de/out/lieferello/src/img/s.png\" class=\"img_vegan\" title=\"Vegan\">\n                                                        </div>\n                <div>\n                    <div class=\"footer_shadow_small absolute box_article_shadow\"></div>\n                    <div class=\"box_price_tag float_left\">Preis</div>\n                    <div class=\"box_article_price   float_right\">\n    <div>\n        1,99€*\n    </div>\n            <div class=\"old\" style=\"text-decoration:none;\">&nbsp;</div>\n        </div>\n                    <div class=\"box_lager float_left\">\n                        <div class=\"box_lager_avail float_left\"></div>\n                        <div class=\"float_left\">Artikel ist auf Lager</div>\n                    </div>\n                                            <div class=\"box_article_number float_left\">\n                            <div class=\"box_article_modifier float_left\"><a href=\"#\" btattached=\"true\">-</a></div>\n                            <input type=\"text\" value=\"1\" class=\"box_article_number_num float_left\" name=\"am\">\n                            <input type=\"hidden\" value=\"13\">\n                            <div class=\"box_article_modifier_plus float_left\"><a href=\"#\" btattached=\"true\">+</a></div>\n                        </div>\n                        <input type=\"submit\" value=\"In den Warenkorb\" class=\"box_article_basket float_left\">\n                                    </div>\n            </div>\n            <div class=\"box_list_regular float_left absolute\">\n                                    <div class=\"box_article_number float_left\">\n                        <div class=\"box_article_modifier float_left\"><a href=\"#\" btattached=\"true\">-</a></div>\n                        <input type=\"text\" value=\"1\" class=\"box_article_number_num float_left\" name=\"am\">\n                        <input type=\"hidden\" value=\"13\">\n                        <div class=\"box_article_modifier_plus float_left\"><a href=\"#\" btattached=\"true\">+</a></div>\n                    </div>\n                    <input type=\"submit\" value=\"In den Warenkorb\" class=\"box_article_basket float_left\">\n                                <div class=\"box_article_bio absolute\">\n                                                                                    <img src=\"https://www.lieferello.de/out/lieferello/src/img/s.png\" class=\"img_vegan\" title=\"Vegan\">\n                                                        </div>\n                <div class=\"box_article_price   absolute\">\n    <div>\n        1,99€*\n    </div>\n            <div class=\"old\" style=\"text-decoration:none;\">&nbsp;</div>\n        </div>\n            </div>\n        </form>\n                                    </div>                                                                                                        </div>\n                                                        <div class=\"float_left first\">\n                        \n                                                            \n                                        \n                                        \n                                        \n                                        \n                                        \n                                        \n                                        \n                                        \n                                        \n                                        \n                                        \n                                        \n                                        \n                                        \n                                        \n                                        \n                                        \n                                        \n                                        \n                                        \n                                        \n                                             \n        <div class=\"  grid4_4 relative box_height_xxxlarge box_product box_corners box_shadow margin_bottom_medium  \" style=\"cursor: pointer;\">\n        <form class=\"absolute box_product box_height_xxxlarge box_corners\" name=\"tobasket\" action=\"https://www.lieferello.de/index.php?\" method=\"post\" style=\"cursor: pointer;\">\n            <input type=\"hidden\" name=\"actcontrol\" value=\"start\">\n\n            \n<input type=\"hidden\" name=\"lang\" value=\"0\">\n            <input type=\"hidden\" name=\"pgNr\" value=\"0\">\n                                                            <input type=\"hidden\" name=\"cl\" value=\"start\">\n                                                              <input type=\"hidden\" name=\"fnc\" value=\"tobasket\">\n                                        <input type=\"hidden\" name=\"aid\" value=\"35b7e803a022e8049866069c2b7f8f51\">\n                                            <input type=\"hidden\" name=\"anid\" value=\"35b7e803a022e8049866069c2b7f8f51\">\n                                                            \n                        <div class=\"box_list_starcom float_left\">\n                <div class=\"box_stars float_left s0\"><img src=\"https://www.lieferello.de/out/lieferello/src/img/s.png\"></div>\n                <div class=\"box_comments float_left\">\n                    <div class=\"float_left\">Kommentare (0)</div>\n                    <img src=\"https://www.lieferello.de/out/lieferello/src/img/s.png\" class=\"float_left\">\n                </div>\n            </div>\n            <div class=\"box_list_listview\">\n                \n                    <div class=\"img_product float_left\"><a href=\"http://www.lieferello.de/new/Schwermer-Prinzessin-Pralinenmischung-44g.html\" btattached=\"true\"><img src=\"https://www.lieferello.de/out/pictures/generated/product/thumb/140_140_85/Schwermer-Prinzessin-Pralinenmischung-44g.jpg\" alt=\"Schwermer Prinzessin Pralinenmischung 44g \"></a></div>\n                \n                <div class=\"float_left box_product_details\">\n                    <div class=\"box_article_headline float_left\"><a href=\"http://www.lieferello.de/new/Schwermer-Prinzessin-Pralinenmischung-44g.html\" btattached=\"true\">Schwermer Prinzessin Pralinenmischung 44g </a></div>\n                    <div class=\"box_article_details float_left\">\n                        Köstliche Pralinenauswahl in einer pinkfarbenen Prinzessinnen-Box\n                    </div>\n                    <div class=\"box_article_footer float_left\">\n                            <span id=\"productPricePerUnit_\" class=\"pricePerUnit\">\n        44 g | 5,66 €&nbsp;/&nbsp;100 g\n    </span>\n\n                    </div>\n                </div>\n            </div>\n            <div class=\"box_list_regular float_left\">\n                <div class=\"box_article_headline float_left\"><a href=\"http://www.lieferello.de/new/Schwermer-Prinzessin-Pralinenmischung-44g.html\" btattached=\"true\">Schwermer Prinzessin Pralinenmischung 44g </a></div>\n                \n                    <div class=\"img_product\"><img src=\"https://www.lieferello.de/out/pictures/generated/product/thumb/140_140_85/Schwermer-Prinzessin-Pralinenmischung-44g.jpg\" alt=\"Schwermer Prinzessin Pralinenmischung 44g \"></div>\n                \n                <div class=\"box_article_details float_left\">\n                        <div class=\"box_article_footer absolute float_left\">\n        <div id=\"productPricePerUnit_\" class=\"pricePerUnit\">\n            <span class=\"float_left unitname\">\n                44 g\n\n                                                                            </span>\n            <span class=\"float_left ppu\">5,66 €&nbsp;/&nbsp;100 g</span>\n        </div>\n    </div>\n\n                </div>\n            </div>\n            <div class=\"box_list_listview pricebox\">\n                <div class=\"box_article_bio absolute\">\n                                                                                                                                                                    </div>\n                <div>\n                    <div class=\"footer_shadow_small absolute box_article_shadow\"></div>\n                    <div class=\"box_price_tag float_left\">Preis</div>\n                    <div class=\"box_article_price   float_right\">\n    <div>\n        2,49€*\n    </div>\n            <div class=\"old\" style=\"text-decoration:none;\">&nbsp;</div>\n        </div>\n                    <div class=\"box_lager float_left\">\n                        <div class=\"box_lager_avail float_left\"></div>\n                        <div class=\"float_left\">Artikel ist auf Lager</div>\n                    </div>\n                                            <div class=\"box_article_number float_left\">\n                            <div class=\"box_article_modifier float_left\"><a href=\"#\" btattached=\"true\">-</a></div>\n                            <input type=\"text\" value=\"1\" class=\"box_article_number_num float_left\" name=\"am\">\n                            <input type=\"hidden\" value=\"5\">\n                            <div class=\"box_article_modifier_plus float_left\"><a href=\"#\" btattached=\"true\">+</a></div>\n                        </div>\n                        <input type=\"submit\" value=\"In den Warenkorb\" class=\"box_article_basket float_left\">\n                                    </div>\n            </div>\n            <div class=\"box_list_regular float_left absolute\">\n                                    <div class=\"box_article_number float_left\">\n                        <div class=\"box_article_modifier float_left\"><a href=\"#\" btattached=\"true\">-</a></div>\n                        <input type=\"text\" value=\"1\" class=\"box_article_number_num float_left\" name=\"am\">\n                        <input type=\"hidden\" value=\"5\">\n                        <div class=\"box_article_modifier_plus float_left\"><a href=\"#\" btattached=\"true\">+</a></div>\n                    </div>\n                    <input type=\"submit\" value=\"In den Warenkorb\" class=\"box_article_basket float_left\">\n                                <div class=\"box_article_bio absolute\">\n                                                                                                                                                                    </div>\n                <div class=\"box_article_price   absolute\">\n    <div>\n        2,49€*\n    </div>\n            <div class=\"old\" style=\"text-decoration:none;\">&nbsp;</div>\n        </div>\n            </div>\n        </form>\n                                    </div>                                            \n                                                            \n                                        \n                                        \n                                        \n                                        \n                                        \n                                        \n                                        \n                                        \n                                        \n                                        \n                                        \n                                        \n                                        \n                                        \n                                        \n                                        \n                                        \n                                        \n                                        \n                                        \n                                             \n        <div class=\"  grid4_4 relative box_height_xxxlarge box_product box_corners box_shadow margin_bottom_medium  \" style=\"cursor: pointer;\">\n        <form class=\"absolute box_product box_height_xxxlarge box_corners\" name=\"tobasket\" action=\"https://www.lieferello.de/index.php?\" method=\"post\" style=\"cursor: pointer;\">\n            <input type=\"hidden\" name=\"actcontrol\" value=\"start\">\n\n            \n<input type=\"hidden\" name=\"lang\" value=\"0\">\n            <input type=\"hidden\" name=\"pgNr\" value=\"0\">\n                                                            <input type=\"hidden\" name=\"cl\" value=\"start\">\n                                                              <input type=\"hidden\" name=\"fnc\" value=\"tobasket\">\n                                        <input type=\"hidden\" name=\"aid\" value=\"a25aec9ddba722d01b0601e220176f60\">\n                                            <input type=\"hidden\" name=\"anid\" value=\"a25aec9ddba722d01b0601e220176f60\">\n                                                            \n                        <div class=\"box_list_starcom float_left\">\n                <div class=\"box_stars float_left s0\"><img src=\"https://www.lieferello.de/out/lieferello/src/img/s.png\"></div>\n                <div class=\"box_comments float_left\">\n                    <div class=\"float_left\">Kommentare (0)</div>\n                    <img src=\"https://www.lieferello.de/out/lieferello/src/img/s.png\" class=\"float_left\">\n                </div>\n            </div>\n            <div class=\"box_list_listview\">\n                \n                    <div class=\"img_product float_left\"><a href=\"http://www.lieferello.de/Pasta/Deutsche-Nudeln/Nudelschmiede-Erdbeer-Nudeln-200g.html\" btattached=\"true\"><img src=\"https://www.lieferello.de/out/pictures/generated/product/thumb/140_140_85/Nudelschmiede-Erdbeer-Nudeln-200g.jpg\" alt=\"Nudelschmiede Erdbeer-Nudeln 200g \"></a></div>\n                \n                <div class=\"float_left box_product_details\">\n                    <div class=\"box_article_headline float_left\"><a href=\"http://www.lieferello.de/Pasta/Deutsche-Nudeln/Nudelschmiede-Erdbeer-Nudeln-200g.html\" btattached=\"true\">Nudelschmiede Erdbeer-Nudeln 200g </a></div>\n                    <div class=\"box_article_details float_left\">\n                        Süße Dessertnudeln mit feinem Erdbeer-Geschmack\n                    </div>\n                    <div class=\"box_article_footer float_left\">\n                            <span id=\"productPricePerUnit_\" class=\"pricePerUnit\">\n        200 g | 2,00 €&nbsp;/&nbsp;100 g\n    </span>\n\n                    </div>\n                </div>\n            </div>\n            <div class=\"box_list_regular float_left\">\n                <div class=\"box_article_headline float_left\"><a href=\"http://www.lieferello.de/Pasta/Deutsche-Nudeln/Nudelschmiede-Erdbeer-Nudeln-200g.html\" btattached=\"true\">Nudelschmiede Erdbeer-Nudeln 200g </a></div>\n                \n                    <div class=\"img_product\"><img src=\"https://www.lieferello.de/out/pictures/generated/product/thumb/140_140_85/Nudelschmiede-Erdbeer-Nudeln-200g.jpg\" alt=\"Nudelschmiede Erdbeer-Nudeln 200g \"></div>\n                \n                <div class=\"box_article_details float_left\">\n                        <div class=\"box_article_footer absolute float_left\">\n        <div id=\"productPricePerUnit_\" class=\"pricePerUnit\">\n            <span class=\"float_left unitname\">\n                200 g\n\n                                                                            </span>\n            <span class=\"float_left ppu\">2,00 €&nbsp;/&nbsp;100 g</span>\n        </div>\n    </div>\n\n                </div>\n            </div>\n            <div class=\"box_list_listview pricebox\">\n                <div class=\"box_article_bio absolute\">\n                                                                                                                                                                    </div>\n                <div>\n                    <div class=\"footer_shadow_small absolute box_article_shadow\"></div>\n                    <div class=\"box_price_tag float_left\">Preis</div>\n                    <div class=\"box_article_price   float_right\">\n    <div>\n        3,99€*\n    </div>\n            <div class=\"old\" style=\"text-decoration:none;\">&nbsp;</div>\n        </div>\n                    <div class=\"box_lager float_left\">\n                        <div class=\"box_lager_avail float_left\"></div>\n                        <div class=\"float_left\">Artikel ist auf Lager</div>\n                    </div>\n                                            <div class=\"box_article_number float_left\">\n                            <div class=\"box_article_modifier float_left\"><a href=\"#\" btattached=\"true\">-</a></div>\n                            <input type=\"text\" value=\"1\" class=\"box_article_number_num float_left\" name=\"am\">\n                            <input type=\"hidden\" value=\"38\">\n                            <div class=\"box_article_modifier_plus float_left\"><a href=\"#\" btattached=\"true\">+</a></div>\n                        </div>\n                        <input type=\"submit\" value=\"In den Warenkorb\" class=\"box_article_basket float_left\">\n                                    </div>\n            </div>\n            <div class=\"box_list_regular float_left absolute\">\n                                    <div class=\"box_article_number float_left\">\n                        <div class=\"box_article_modifier float_left\"><a href=\"#\" btattached=\"true\">-</a></div>\n                        <input type=\"text\" value=\"1\" class=\"box_article_number_num float_left\" name=\"am\">\n                        <input type=\"hidden\" value=\"38\">\n                        <div class=\"box_article_modifier_plus float_left\"><a href=\"#\" btattached=\"true\">+</a></div>\n                    </div>\n                    <input type=\"submit\" value=\"In den Warenkorb\" class=\"box_article_basket float_left\">\n                                <div class=\"box_article_bio absolute\">\n                                                                                                                                                                    </div>\n                <div class=\"box_article_price   absolute\">\n    <div>\n        3,99€*\n    </div>\n            <div class=\"old\" style=\"text-decoration:none;\">&nbsp;</div>\n        </div>\n            </div>\n        </form>\n                                    </div>                                            \n                                                            \n                                        \n                                        \n                                        \n                                        \n                                        \n                                        \n                                        \n                                        \n                                        \n                                        \n                                        \n                                        \n                                        \n                                             \n        <div class=\"  grid4_4 relative box_height_xxxlarge box_product box_corners box_shadow margin_bottom_medium  \" style=\"cursor: pointer;\">\n        <form class=\"absolute box_product box_height_xxxlarge box_corners\" name=\"tobasket\" action=\"https://www.lieferello.de/index.php?\" method=\"post\" style=\"cursor: pointer;\">\n            <input type=\"hidden\" name=\"actcontrol\" value=\"start\">\n\n            \n<input type=\"hidden\" name=\"lang\" value=\"0\">\n            <input type=\"hidden\" name=\"pgNr\" value=\"0\">\n                                                            <input type=\"hidden\" name=\"cl\" value=\"start\">\n                                                              <input type=\"hidden\" name=\"fnc\" value=\"tobasket\">\n                                        <input type=\"hidden\" name=\"aid\" value=\"12b94ff048e6196c19d48312b8b8d69e\">\n                                            <input type=\"hidden\" name=\"anid\" value=\"12b94ff048e6196c19d48312b8b8d69e\">\n                                                            \n                        <div class=\"box_list_starcom float_left\">\n                <div class=\"box_stars float_left s0\"><img src=\"https://www.lieferello.de/out/lieferello/src/img/s.png\"></div>\n                <div class=\"box_comments float_left\">\n                    <div class=\"float_left\">Kommentare (0)</div>\n                    <img src=\"https://www.lieferello.de/out/lieferello/src/img/s.png\" class=\"float_left\">\n                </div>\n            </div>\n            <div class=\"box_list_listview\">\n                \n                    <div class=\"img_product float_left\"><a href=\"http://www.lieferello.de/new/Tomatin-Highland-Single-Malt-Scotch-Whisky-Vintage-59-6-Vol-0-7l.html\" btattached=\"true\"><img src=\"https://www.lieferello.de/out/pictures/generated/product/thumb/140_140_85/Tomatin-Highland-Single-Malt-Scotch-Whisky-Vintage-59-6-Vol-0-7l.jpg\" alt=\"Tomatin Highland Single Malt Scotch Whisky Vintage 59,6% Vol. 0,7l \"></a></div>\n                \n                <div class=\"float_left box_product_details\">\n                    <div class=\"box_article_headline float_left\"><a href=\"http://www.lieferello.de/new/Tomatin-Highland-Single-Malt-Scotch-Whisky-Vintage-59-6-Vol-0-7l.html\" btattached=\"true\">Tomatin Highland Single Malt Scotch Whisky Vintage 59,6% Vol. 0,7l </a></div>\n                    <div class=\"box_article_details float_left\">\n                        Erlesener Single-Malt-Whisky aus einem einzigen Fass\n                    </div>\n                    <div class=\"box_article_footer float_left\">\n                            <span id=\"productPricePerUnit_\" class=\"pricePerUnit\">\n        0.7 l | 128,56 €&nbsp;/&nbsp;l\n    </span>\n\n                    </div>\n                </div>\n            </div>\n            <div class=\"box_list_regular float_left\">\n                <div class=\"box_article_headline float_left\"><a href=\"http://www.lieferello.de/new/Tomatin-Highland-Single-Malt-Scotch-Whisky-Vintage-59-6-Vol-0-7l.html\" btattached=\"true\">Tomatin Highland Single Malt Scotch Whisky Vintage 59,6% Vol. 0,7l </a></div>\n                \n                    <div class=\"img_product\"><img src=\"https://www.lieferello.de/out/pictures/generated/product/thumb/140_140_85/Tomatin-Highland-Single-Malt-Scotch-Whisky-Vintage-59-6-Vol-0-7l.jpg\" alt=\"Tomatin Highland Single Malt Scotch Whisky Vintage 59,6% Vol. 0,7l \"></div>\n                \n                <div class=\"box_article_details float_left\">\n                        <div class=\"box_article_footer absolute float_left\">\n        <div id=\"productPricePerUnit_\" class=\"pricePerUnit\">\n            <span class=\"float_left unitname\">\n                0.7 l\n\n                                                                            </span>\n            <span class=\"float_left ppu\">128,56 €&nbsp;/&nbsp;l</span>\n        </div>\n    </div>\n\n                </div>\n            </div>\n            <div class=\"box_list_listview pricebox\">\n                <div class=\"box_article_bio absolute\">\n                                                                                                                                                                    </div>\n                <div>\n                    <div class=\"footer_shadow_small absolute box_article_shadow\"></div>\n                    <div class=\"box_price_tag float_left\">Preis</div>\n                    <div class=\"box_article_price   float_right\">\n    <div>\n        89,99€*\n    </div>\n            <div class=\"old\" style=\"text-decoration:none;\">&nbsp;</div>\n        </div>\n                    <div class=\"box_lager float_left\">\n                        <div class=\"box_lager_avail float_left\"></div>\n                        <div class=\"float_left\">Artikel ist auf Lager</div>\n                    </div>\n                                            <div class=\"box_article_number float_left\">\n                            <div class=\"box_article_modifier float_left\"><a href=\"#\" btattached=\"true\">-</a></div>\n                            <input type=\"text\" value=\"1\" class=\"box_article_number_num float_left\" name=\"am\">\n                            <input type=\"hidden\" value=\"298\">\n                            <div class=\"box_article_modifier_plus float_left\"><a href=\"#\" btattached=\"true\">+</a></div>\n                        </div>\n                        <input type=\"submit\" value=\"In den Warenkorb\" class=\"box_article_basket float_left\">\n                                    </div>\n            </div>\n            <div class=\"box_list_regular float_left absolute\">\n                                    <div class=\"box_article_number float_left\">\n                        <div class=\"box_article_modifier float_left\"><a href=\"#\" btattached=\"true\">-</a></div>\n                        <input type=\"text\" value=\"1\" class=\"box_article_number_num float_left\" name=\"am\">\n                        <input type=\"hidden\" value=\"298\">\n                        <div class=\"box_article_modifier_plus float_left\"><a href=\"#\" btattached=\"true\">+</a></div>\n                    </div>\n                    <input type=\"submit\" value=\"In den Warenkorb\" class=\"box_article_basket float_left\">\n                                <div class=\"box_article_bio absolute\">\n                                                                                                                                                                    </div>\n                <div class=\"box_article_price   absolute\">\n    <div>\n        89,99€*\n    </div>\n            <div class=\"old\" style=\"text-decoration:none;\">&nbsp;</div>\n        </div>\n            </div>\n        </form>\n                                    </div>                                            \n                                                            \n                                        \n                                        \n                                        \n                                        \n                                        \n                                        \n                                        \n                                        \n                                                    \n                                        \n                                        \n                                        \n                                        \n                                        \n                                        \n                                        \n                                        \n                                        \n                                        \n                                        \n                                        \n                                        \n                                        \n                                        \n                                             \n        <div class=\"  grid4_4 relative box_height_xxxlarge box_product box_corners box_shadow margin_bottom_medium  \" style=\"cursor: pointer;\">\n        <form class=\"absolute box_product box_height_xxxlarge box_corners\" name=\"tobasket\" action=\"https://www.lieferello.de/index.php?\" method=\"post\" style=\"cursor: pointer;\">\n            <input type=\"hidden\" name=\"actcontrol\" value=\"start\">\n\n            \n<input type=\"hidden\" name=\"lang\" value=\"0\">\n            <input type=\"hidden\" name=\"pgNr\" value=\"0\">\n                                                            <input type=\"hidden\" name=\"cl\" value=\"start\">\n                                                              <input type=\"hidden\" name=\"fnc\" value=\"tobasket\">\n                                        <input type=\"hidden\" name=\"aid\" value=\"38b23315138a274d2c6d95245c71c5c7\">\n                                            <input type=\"hidden\" name=\"anid\" value=\"38b23315138a274d2c6d95245c71c5c7\">\n                                                            \n                        <div class=\"box_list_starcom float_left\">\n                <div class=\"box_stars float_left s0\"><img src=\"https://www.lieferello.de/out/lieferello/src/img/s.png\"></div>\n                <div class=\"box_comments float_left\">\n                    <div class=\"float_left\">Kommentare (0)</div>\n                    <img src=\"https://www.lieferello.de/out/lieferello/src/img/s.png\" class=\"float_left\">\n                </div>\n            </div>\n            <div class=\"box_list_listview\">\n                \n                    <div class=\"img_product float_left\"><a href=\"http://www.lieferello.de/Feinkost/Fischspezialitaeten/AKI-Passion-Thunfischcreme-100g.html\" btattached=\"true\"><img src=\"https://www.lieferello.de/out/pictures/generated/product/thumb/140_140_85/AKI-Passion-Thunfischcreme-100g.jpg\" alt=\"AKI Passion Thunfischcreme 100g \"></a></div>\n                \n                <div class=\"float_left box_product_details\">\n                    <div class=\"box_article_headline float_left\"><a href=\"http://www.lieferello.de/Feinkost/Fischspezialitaeten/AKI-Passion-Thunfischcreme-100g.html\" btattached=\"true\">AKI Passion Thunfischcreme 100g </a></div>\n                    <div class=\"box_article_details float_left\">\n                        Fischcreme aus Thunfisch und Dorschrogen\n                    </div>\n                    <div class=\"box_article_footer float_left\">\n                            <span id=\"productPricePerUnit_\" class=\"pricePerUnit\">\n        100 g | 1,79 €&nbsp;/&nbsp;100 g\n    </span>\n\n                    </div>\n                </div>\n            </div>\n            <div class=\"box_list_regular float_left\">\n                <div class=\"box_article_headline float_left\"><a href=\"http://www.lieferello.de/Feinkost/Fischspezialitaeten/AKI-Passion-Thunfischcreme-100g.html\" btattached=\"true\">AKI Passion Thunfischcreme 100g </a></div>\n                \n                    <div class=\"img_product\"><img src=\"https://www.lieferello.de/out/pictures/generated/product/thumb/140_140_85/AKI-Passion-Thunfischcreme-100g.jpg\" alt=\"AKI Passion Thunfischcreme 100g \"></div>\n                \n                <div class=\"box_article_details float_left\">\n                        <div class=\"box_article_footer absolute float_left\">\n        <div id=\"productPricePerUnit_\" class=\"pricePerUnit\">\n            <span class=\"float_left unitname\">\n                100 g\n\n                                                                            </span>\n            <span class=\"float_left ppu\">1,79 €&nbsp;/&nbsp;100 g</span>\n        </div>\n    </div>\n\n                </div>\n            </div>\n            <div class=\"box_list_listview pricebox\">\n                <div class=\"box_article_bio absolute\">\n                                                                                                                                                                    </div>\n                <div>\n                    <div class=\"footer_shadow_small absolute box_article_shadow\"></div>\n                    <div class=\"box_price_tag float_left\">Preis</div>\n                    <div class=\"box_article_price   float_right\">\n    <div>\n        1,79€*\n    </div>\n            <div class=\"old\" style=\"text-decoration:none;\">&nbsp;</div>\n        </div>\n                    <div class=\"box_lager float_left\">\n                        <div class=\"box_lager_avail float_left\"></div>\n                        <div class=\"float_left\">Artikel ist auf Lager</div>\n                    </div>\n                                            <div class=\"box_article_number float_left\">\n                            <div class=\"box_article_modifier float_left\"><a href=\"#\" btattached=\"true\">-</a></div>\n                            <input type=\"text\" value=\"1\" class=\"box_article_number_num float_left\" name=\"am\">\n                            <input type=\"hidden\" value=\"13\">\n                            <div class=\"box_article_modifier_plus float_left\"><a href=\"#\" btattached=\"true\">+</a></div>\n                        </div>\n                        <input type=\"submit\" value=\"In den Warenkorb\" class=\"box_article_basket float_left\">\n                                    </div>\n            </div>\n            <div class=\"box_list_regular float_left absolute\">\n                                    <div class=\"box_article_number float_left\">\n                        <div class=\"box_article_modifier float_left\"><a href=\"#\" btattached=\"true\">-</a></div>\n                        <input type=\"text\" value=\"1\" class=\"box_article_number_num float_left\" name=\"am\">\n                        <input type=\"hidden\" value=\"13\">\n                        <div class=\"box_article_modifier_plus float_left\"><a href=\"#\" btattached=\"true\">+</a></div>\n                    </div>\n                    <input type=\"submit\" value=\"In den Warenkorb\" class=\"box_article_basket float_left\">\n                                <div class=\"box_article_bio absolute\">\n                                                                                                                                                                    </div>\n                <div class=\"box_article_price   absolute\">\n    <div>\n        1,79€*\n    </div>\n            <div class=\"old\" style=\"text-decoration:none;\">&nbsp;</div>\n        </div>\n            </div>\n        </form>\n                            \n            <div class=\"box_banderole_small absolute\" style=\"background-image:url(https://www.lieferello.de/out/lieferello/src/../../banderole/d79249a8d054262f0e88a89bef745a16.small.png);\"></div>\n                            </div>                                            \n                                                            \n                                        \n                                        \n                                        \n                                        \n                                        \n                                        \n                                        \n                                        \n                                        \n                                        \n                                        \n                                        \n                                        \n                                        \n                                        \n                                        \n                                        \n                                        \n                                        \n                                        \n                                        \n                                             \n        <div class=\"  grid4_4 relative box_height_xxxlarge box_product box_corners box_shadow margin_bottom_medium  \" style=\"cursor: pointer;\">\n        <form class=\"absolute box_product box_height_xxxlarge box_corners\" name=\"tobasket\" action=\"https://www.lieferello.de/index.php?\" method=\"post\" style=\"cursor: pointer;\">\n            <input type=\"hidden\" name=\"actcontrol\" value=\"start\">\n\n            \n<input type=\"hidden\" name=\"lang\" value=\"0\">\n            <input type=\"hidden\" name=\"pgNr\" value=\"0\">\n                                                            <input type=\"hidden\" name=\"cl\" value=\"start\">\n                                                              <input type=\"hidden\" name=\"fnc\" value=\"tobasket\">\n                                        <input type=\"hidden\" name=\"aid\" value=\"cd4b7072790f87f35be4d4fb8587419c\">\n                                            <input type=\"hidden\" name=\"anid\" value=\"cd4b7072790f87f35be4d4fb8587419c\">\n                                                            \n                        <div class=\"box_list_starcom float_left\">\n                <div class=\"box_stars float_left s0\"><img src=\"https://www.lieferello.de/out/lieferello/src/img/s.png\"></div>\n                <div class=\"box_comments float_left\">\n                    <div class=\"float_left\">Kommentare (0)</div>\n                    <img src=\"https://www.lieferello.de/out/lieferello/src/img/s.png\" class=\"float_left\">\n                </div>\n            </div>\n            <div class=\"box_list_listview\">\n                \n                    <div class=\"img_product float_left\"><a href=\"http://www.lieferello.de/Schokolade/Dragees-Bonbons/Fazer-Marianne-Mix-Minzbonbons-Schokolade-u-Toffee-350g.html\" btattached=\"true\"><img src=\"https://www.lieferello.de/out/pictures/generated/product/thumb/140_140_85/Fazer-Marianne-Mix-Minzbonbons-Schokolade-u-Toffee-350g.jpg\" alt=\"Fazer Marianne Mix Minzbonbons Schokolade u. Toffee 350g \"></a></div>\n                \n                <div class=\"float_left box_product_details\">\n                    <div class=\"box_article_headline float_left\"><a href=\"http://www.lieferello.de/Schokolade/Dragees-Bonbons/Fazer-Marianne-Mix-Minzbonbons-Schokolade-u-Toffee-350g.html\" btattached=\"true\">Fazer Marianne Mix Minzbonbons Schokolade u. Toffee 350g </a></div>\n                    <div class=\"box_article_details float_left\">\n                        Eine Mischung von Minzbonbons mit zweierlei Füllung\n                    </div>\n                    <div class=\"box_article_footer float_left\">\n                            <span id=\"productPricePerUnit_\" class=\"pricePerUnit\">\n        0.35 kg | 14,26 €&nbsp;/&nbsp;kg\n    </span>\n\n                    </div>\n                </div>\n            </div>\n            <div class=\"box_list_regular float_left\">\n                <div class=\"box_article_headline float_left\"><a href=\"http://www.lieferello.de/Schokolade/Dragees-Bonbons/Fazer-Marianne-Mix-Minzbonbons-Schokolade-u-Toffee-350g.html\" btattached=\"true\">Fazer Marianne Mix Minzbonbons Schokolade u. Toffee 350g </a></div>\n                \n                    <div class=\"img_product\"><img src=\"https://www.lieferello.de/out/pictures/generated/product/thumb/140_140_85/Fazer-Marianne-Mix-Minzbonbons-Schokolade-u-Toffee-350g.jpg\" alt=\"Fazer Marianne Mix Minzbonbons Schokolade u. Toffee 350g \"></div>\n                \n                <div class=\"box_article_details float_left\">\n                        <div class=\"box_article_footer absolute float_left\">\n        <div id=\"productPricePerUnit_\" class=\"pricePerUnit\">\n            <span class=\"float_left unitname\">\n                0.35 kg\n\n                                                                            </span>\n            <span class=\"float_left ppu\">14,26 €&nbsp;/&nbsp;kg</span>\n        </div>\n    </div>\n\n                </div>\n            </div>\n            <div class=\"box_list_listview pricebox\">\n                <div class=\"box_article_bio absolute\">\n                                                                                                                                                                    </div>\n                <div>\n                    <div class=\"footer_shadow_small absolute box_article_shadow\"></div>\n                    <div class=\"box_price_tag float_left\">Preis</div>\n                    <div class=\"box_article_price   float_right\">\n    <div>\n        4,99€*\n    </div>\n            <div class=\"old\" style=\"text-decoration:none;\">&nbsp;</div>\n        </div>\n                    <div class=\"box_lager float_left\">\n                        <div class=\"box_lager_avail float_left\"></div>\n                        <div class=\"float_left\">Artikel ist auf Lager</div>\n                    </div>\n                                            <div class=\"box_article_number float_left\">\n                            <div class=\"box_article_modifier float_left\"><a href=\"#\" btattached=\"true\">-</a></div>\n                            <input type=\"text\" value=\"1\" class=\"box_article_number_num float_left\" name=\"am\">\n                            <input type=\"hidden\" value=\"140\">\n                            <div class=\"box_article_modifier_plus float_left\"><a href=\"#\" btattached=\"true\">+</a></div>\n                        </div>\n                        <input type=\"submit\" value=\"In den Warenkorb\" class=\"box_article_basket float_left\">\n                                    </div>\n            </div>\n            <div class=\"box_list_regular float_left absolute\">\n                                    <div class=\"box_article_number float_left\">\n                        <div class=\"box_article_modifier float_left\"><a href=\"#\" btattached=\"true\">-</a></div>\n                        <input type=\"text\" value=\"1\" class=\"box_article_number_num float_left\" name=\"am\">\n                        <input type=\"hidden\" value=\"140\">\n                        <div class=\"box_article_modifier_plus float_left\"><a href=\"#\" btattached=\"true\">+</a></div>\n                    </div>\n                    <input type=\"submit\" value=\"In den Warenkorb\" class=\"box_article_basket float_left\">\n                                <div class=\"box_article_bio absolute\">\n                                                                                                                                                                    </div>\n                <div class=\"box_article_price   absolute\">\n    <div>\n        4,99€*\n    </div>\n            <div class=\"old\" style=\"text-decoration:none;\">&nbsp;</div>\n        </div>\n            </div>\n        </form>\n                                    </div>                                                                                                        </div>\n                                                        <div class=\"float_left first\">\n                        \n                                                            \n                                        \n                                        \n                                        \n                                        \n                                        \n                                        \n                                                    \n                                        \n                                        \n                                        \n                                        \n                                        \n                                        \n                                        \n                                        \n                                        \n                                        \n                                        \n                                        \n                                        \n                                        \n                                        \n                                        \n                                             \n        <div class=\"  grid4_4 relative box_height_xxxlarge box_product box_corners box_shadow margin_bottom_medium  \" style=\"cursor: pointer;\">\n        <form class=\"absolute box_product box_height_xxxlarge box_corners\" name=\"tobasket\" action=\"https://www.lieferello.de/index.php?\" method=\"post\" style=\"cursor: pointer;\">\n            <input type=\"hidden\" name=\"actcontrol\" value=\"start\">\n\n            \n<input type=\"hidden\" name=\"lang\" value=\"0\">\n            <input type=\"hidden\" name=\"pgNr\" value=\"0\">\n                                                            <input type=\"hidden\" name=\"cl\" value=\"start\">\n                                                              <input type=\"hidden\" name=\"fnc\" value=\"tobasket\">\n                                        <input type=\"hidden\" name=\"aid\" value=\"4a2802d16ae7b31e4847e153515f59c1\">\n                                            <input type=\"hidden\" name=\"anid\" value=\"4a2802d16ae7b31e4847e153515f59c1\">\n                                                            \n                        <div class=\"box_list_starcom float_left\">\n                <div class=\"box_stars float_left s0\"><img src=\"https://www.lieferello.de/out/lieferello/src/img/s.png\"></div>\n                <div class=\"box_comments float_left\">\n                    <div class=\"float_left\">Kommentare (0)</div>\n                    <img src=\"https://www.lieferello.de/out/lieferello/src/img/s.png\" class=\"float_left\">\n                </div>\n            </div>\n            <div class=\"box_list_listview\">\n                \n                    <div class=\"img_product float_left\"><a href=\"http://www.lieferello.de/new/Borchers-Bio-Chia-OEl-kaltgepresst-100ml.html\" btattached=\"true\"><img src=\"https://www.lieferello.de/out/pictures/generated/product/thumb/140_140_85/Borchers-Bio-Chia-OEl-kaltgepresst-100ml.jpg\" alt=\"Borchers Bio Chia-Öl kaltgepresst 100ml \"></a></div>\n                \n                <div class=\"float_left box_product_details\">\n                    <div class=\"box_article_headline float_left\"><a href=\"http://www.lieferello.de/new/Borchers-Bio-Chia-OEl-kaltgepresst-100ml.html\" btattached=\"true\">Borchers Bio Chia-Öl kaltgepresst 100ml </a></div>\n                    <div class=\"box_article_details float_left\">\n                        Hochwertiges Chia-Öl aus Chia-Samen\n                    </div>\n                    <div class=\"box_article_footer float_left\">\n                            <span id=\"productPricePerUnit_\" class=\"pricePerUnit\">\n        100 ml | 8,99 €&nbsp;/&nbsp;100 ml\n    </span>\n\n                    </div>\n                </div>\n            </div>\n            <div class=\"box_list_regular float_left\">\n                <div class=\"box_article_headline float_left\"><a href=\"http://www.lieferello.de/new/Borchers-Bio-Chia-OEl-kaltgepresst-100ml.html\" btattached=\"true\">Borchers Bio Chia-Öl kaltgepresst 100ml </a></div>\n                \n                    <div class=\"img_product\"><img src=\"https://www.lieferello.de/out/pictures/generated/product/thumb/140_140_85/Borchers-Bio-Chia-OEl-kaltgepresst-100ml.jpg\" alt=\"Borchers Bio Chia-Öl kaltgepresst 100ml \"></div>\n                \n                <div class=\"box_article_details float_left\">\n                        <div class=\"box_article_footer absolute float_left\">\n        <div id=\"productPricePerUnit_\" class=\"pricePerUnit\">\n            <span class=\"float_left unitname\">\n                100 ml\n\n                                                                            </span>\n            <span class=\"float_left ppu\">8,99 €&nbsp;/&nbsp;100 ml</span>\n        </div>\n    </div>\n\n                </div>\n            </div>\n            <div class=\"box_list_listview pricebox\">\n                <div class=\"box_article_bio absolute\">\n                    <img src=\"https://www.lieferello.de/out/lieferello/src/img/s.png\" class=\"img_bio\" title=\"Bio\">                                                                                                                                                </div>\n                <div>\n                    <div class=\"footer_shadow_small absolute box_article_shadow\"></div>\n                    <div class=\"box_price_tag float_left\">Preis</div>\n                    <div class=\"box_article_price   float_right\">\n    <div>\n        8,99€*\n    </div>\n            <div class=\"old\" style=\"text-decoration:none;\">&nbsp;</div>\n        </div>\n                    <div class=\"box_lager float_left\">\n                        <div class=\"box_lager_avail float_left\"></div>\n                        <div class=\"float_left\">Artikel ist auf Lager</div>\n                    </div>\n                                            <div class=\"box_article_number float_left\">\n                            <div class=\"box_article_modifier float_left\"><a href=\"#\" btattached=\"true\">-</a></div>\n                            <input type=\"text\" value=\"1\" class=\"box_article_number_num float_left\" name=\"am\">\n                            <input type=\"hidden\" value=\"17\">\n                            <div class=\"box_article_modifier_plus float_left\"><a href=\"#\" btattached=\"true\">+</a></div>\n                        </div>\n                        <input type=\"submit\" value=\"In den Warenkorb\" class=\"box_article_basket float_left\">\n                                    </div>\n            </div>\n            <div class=\"box_list_regular float_left absolute\">\n                                    <div class=\"box_article_number float_left\">\n                        <div class=\"box_article_modifier float_left\"><a href=\"#\" btattached=\"true\">-</a></div>\n                        <input type=\"text\" value=\"1\" class=\"box_article_number_num float_left\" name=\"am\">\n                        <input type=\"hidden\" value=\"17\">\n                        <div class=\"box_article_modifier_plus float_left\"><a href=\"#\" btattached=\"true\">+</a></div>\n                    </div>\n                    <input type=\"submit\" value=\"In den Warenkorb\" class=\"box_article_basket float_left\">\n                                <div class=\"box_article_bio absolute\">\n                    <img src=\"https://www.lieferello.de/out/lieferello/src/img/s.png\" class=\"img_bio\" title=\"Bio\">                                                                                                                                                </div>\n                <div class=\"box_article_price   absolute\">\n    <div>\n        8,99€*\n    </div>\n            <div class=\"old\" style=\"text-decoration:none;\">&nbsp;</div>\n        </div>\n            </div>\n        </form>\n                                    </div>                                            \n                                                            \n                                        \n                                        \n                                        \n                                        \n                                        \n                                        \n                                        \n                                        \n                                        \n                                        \n                                                    \n                                        \n                                        \n                                             \n        <div class=\"  grid4_4 relative box_height_xxxlarge box_product box_corners box_shadow margin_bottom_medium  \" style=\"cursor: pointer;\">\n        <form class=\"absolute box_product box_height_xxxlarge box_corners\" name=\"tobasket\" action=\"https://www.lieferello.de/index.php?\" method=\"post\" style=\"cursor: pointer;\">\n            <input type=\"hidden\" name=\"actcontrol\" value=\"start\">\n\n            \n<input type=\"hidden\" name=\"lang\" value=\"0\">\n            <input type=\"hidden\" name=\"pgNr\" value=\"0\">\n                                                            <input type=\"hidden\" name=\"cl\" value=\"start\">\n                                                              <input type=\"hidden\" name=\"fnc\" value=\"tobasket\">\n                                        <input type=\"hidden\" name=\"aid\" value=\"3722018c6a1936dd6fc5736a1d805a59\">\n                                            <input type=\"hidden\" name=\"anid\" value=\"3722018c6a1936dd6fc5736a1d805a59\">\n                                                            \n                        <div class=\"box_list_starcom float_left\">\n                <div class=\"box_stars float_left s0\"><img src=\"https://www.lieferello.de/out/lieferello/src/img/s.png\"></div>\n                <div class=\"box_comments float_left\">\n                    <div class=\"float_left\">Kommentare (0)</div>\n                    <img src=\"https://www.lieferello.de/out/lieferello/src/img/s.png\" class=\"float_left\">\n                </div>\n            </div>\n            <div class=\"box_list_listview\">\n                \n                    <div class=\"img_product float_left\"><a href=\"http://www.lieferello.de/new/Hopper-Braeu-Dunkle-Macht-Porter-Craft-Beer-6-6-Vol-0-33l.html\" btattached=\"true\"><img src=\"https://www.lieferello.de/out/pictures/generated/product/thumb/140_140_85/Hopper-Braeu-Dunkle-Macht-Porter-Craft-Beer-6-6-Vol-0-33l.jpg\" alt=\"Hopper Bräu Dunkle Macht Porter Craft Beer 6,6% Vol. 0,33l \"></a></div>\n                \n                <div class=\"float_left box_product_details\">\n                    <div class=\"box_article_headline float_left\"><a href=\"http://www.lieferello.de/new/Hopper-Braeu-Dunkle-Macht-Porter-Craft-Beer-6-6-Vol-0-33l.html\" btattached=\"true\">Hopper Bräu Dunkle Macht Porter Craft Beer 6,6% Vol. 0,33l </a></div>\n                    <div class=\"box_article_details float_left\">\n                        Schwarzes Craft Bier mit malzigen Aromen\n                    </div>\n                    <div class=\"box_article_footer float_left\">\n                            <span id=\"productPricePerUnit_\" class=\"pricePerUnit\">\n        0.33 l | 6,94 €&nbsp;/&nbsp;l\n    </span>\n\n                    </div>\n                </div>\n            </div>\n            <div class=\"box_list_regular float_left\">\n                <div class=\"box_article_headline float_left\"><a href=\"http://www.lieferello.de/new/Hopper-Braeu-Dunkle-Macht-Porter-Craft-Beer-6-6-Vol-0-33l.html\" btattached=\"true\">Hopper Bräu Dunkle Macht Porter Craft Beer 6,6% Vol. 0,33l </a></div>\n                \n                    <div class=\"img_product\"><img src=\"https://www.lieferello.de/out/pictures/generated/product/thumb/140_140_85/Hopper-Braeu-Dunkle-Macht-Porter-Craft-Beer-6-6-Vol-0-33l.jpg\" alt=\"Hopper Bräu Dunkle Macht Porter Craft Beer 6,6% Vol. 0,33l \"></div>\n                \n                <div class=\"box_article_details float_left\">\n                        <div class=\"box_article_footer absolute float_left\">\n        <div id=\"productPricePerUnit_\" class=\"pricePerUnit\">\n            <span class=\"float_left unitname\">\n                0.33 l\n\n                                                                            </span>\n            <span class=\"float_left ppu\">6,94 €&nbsp;/&nbsp;l</span>\n        </div>\n    </div>\n\n                </div>\n            </div>\n            <div class=\"box_list_listview pricebox\">\n                <div class=\"box_article_bio absolute\">\n                                                                                                                                                                    </div>\n                <div>\n                    <div class=\"footer_shadow_small absolute box_article_shadow\"></div>\n                    <div class=\"box_price_tag float_left\">Preis</div>\n                    <div class=\"box_article_price  pfandA float_right\">\n    <div>\n        2,29€*\n    </div>\n            <div class=\"old\" style=\"text-decoration:none;\">&nbsp;</div>\n                <div class=\"pfand\">\n                zzgl. \n                0,08\n                €\n                Pfand\n        </div>\n    </div>\n                    <div class=\"box_lager float_left\">\n                        <div class=\"box_lager_avail float_left\"></div>\n                        <div class=\"float_left\">Artikel ist auf Lager</div>\n                    </div>\n                                            <div class=\"box_article_number float_left\">\n                            <div class=\"box_article_modifier float_left\"><a href=\"#\" btattached=\"true\">-</a></div>\n                            <input type=\"text\" value=\"1\" class=\"box_article_number_num float_left\" name=\"am\">\n                            <input type=\"hidden\" value=\"63\">\n                            <div class=\"box_article_modifier_plus float_left\"><a href=\"#\" btattached=\"true\">+</a></div>\n                        </div>\n                        <input type=\"submit\" value=\"In den Warenkorb\" class=\"box_article_basket float_left\">\n                                    </div>\n            </div>\n            <div class=\"box_list_regular float_left absolute\">\n                                    <div class=\"box_article_number float_left\">\n                        <div class=\"box_article_modifier float_left\"><a href=\"#\" btattached=\"true\">-</a></div>\n                        <input type=\"text\" value=\"1\" class=\"box_article_number_num float_left\" name=\"am\">\n                        <input type=\"hidden\" value=\"63\">\n                        <div class=\"box_article_modifier_plus float_left\"><a href=\"#\" btattached=\"true\">+</a></div>\n                    </div>\n                    <input type=\"submit\" value=\"In den Warenkorb\" class=\"box_article_basket float_left\">\n                                <div class=\"box_article_bio absolute\">\n                                                                                                                                                                    </div>\n                <div class=\"box_article_price  pfandA absolute\">\n    <div>\n        2,29€*\n    </div>\n            <div class=\"old\" style=\"text-decoration:none;\">&nbsp;</div>\n                <div class=\"pfand\">\n                zzgl. \n                0,08\n                €\n                Pfand\n        </div>\n    </div>\n            </div>\n        </form>\n                                    </div>                                            \n                                                            \n                                        \n                                        \n                                        \n                                        \n                                        \n                                        \n                                        \n                                        \n                                        \n                                        \n                                        \n                                        \n                                        \n                                        \n                                        \n                                        \n                                        \n                                        \n                                        \n                                        \n                                        \n                                             \n        <div class=\"  grid4_4 relative box_height_xxxlarge box_product box_corners box_shadow margin_bottom_medium  \" style=\"cursor: pointer;\">\n        <form class=\"absolute box_product box_height_xxxlarge box_corners\" name=\"tobasket\" action=\"https://www.lieferello.de/index.php?\" method=\"post\" style=\"cursor: pointer;\">\n            <input type=\"hidden\" name=\"actcontrol\" value=\"start\">\n\n            \n<input type=\"hidden\" name=\"lang\" value=\"0\">\n            <input type=\"hidden\" name=\"pgNr\" value=\"0\">\n                                                            <input type=\"hidden\" name=\"cl\" value=\"start\">\n                                                              <input type=\"hidden\" name=\"fnc\" value=\"tobasket\">\n                                        <input type=\"hidden\" name=\"aid\" value=\"877b22237b8db074bae26602bcb5bd54\">\n                                            <input type=\"hidden\" name=\"anid\" value=\"877b22237b8db074bae26602bcb5bd54\">\n                                                            \n                        <div class=\"box_list_starcom float_left\">\n                <div class=\"box_stars float_left s0\"><img src=\"https://www.lieferello.de/out/lieferello/src/img/s.png\"></div>\n                <div class=\"box_comments float_left\">\n                    <div class=\"float_left\">Kommentare (0)</div>\n                    <img src=\"https://www.lieferello.de/out/lieferello/src/img/s.png\" class=\"float_left\">\n                </div>\n            </div>\n            <div class=\"box_list_listview\">\n                \n                    <div class=\"img_product float_left\"><a href=\"http://www.lieferello.de/Fruchtgummi-Lakritz-Kaugummi/Lakritz/Panda-Filled-Licorice-gefuelltes-Lakritz-500g.html\" btattached=\"true\"><img src=\"https://www.lieferello.de/out/pictures/generated/product/thumb/140_140_85/Panda-Filled-Licorice-gefuelltes-Lakritz-500g.jpg\" alt=\"Panda Filled Licorice gefülltes Lakritz 500g \"></a></div>\n                \n                <div class=\"float_left box_product_details\">\n                    <div class=\"box_article_headline float_left\"><a href=\"http://www.lieferello.de/Fruchtgummi-Lakritz-Kaugummi/Lakritz/Panda-Filled-Licorice-gefuelltes-Lakritz-500g.html\" btattached=\"true\">Panda Filled Licorice gefülltes Lakritz 500g </a></div>\n                    <div class=\"box_article_details float_left\">\n                        Original gefülltes Lakritz aus Finnland\n                    </div>\n                    <div class=\"box_article_footer float_left\">\n                            <span id=\"productPricePerUnit_\" class=\"pricePerUnit\">\n        0.5 kg | 6,38 €&nbsp;/&nbsp;kg\n    </span>\n\n                    </div>\n                </div>\n            </div>\n            <div class=\"box_list_regular float_left\">\n                <div class=\"box_article_headline float_left\"><a href=\"http://www.lieferello.de/Fruchtgummi-Lakritz-Kaugummi/Lakritz/Panda-Filled-Licorice-gefuelltes-Lakritz-500g.html\" btattached=\"true\">Panda Filled Licorice gefülltes Lakritz 500g </a></div>\n                \n                    <div class=\"img_product\"><img src=\"https://www.lieferello.de/out/pictures/generated/product/thumb/140_140_85/Panda-Filled-Licorice-gefuelltes-Lakritz-500g.jpg\" alt=\"Panda Filled Licorice gefülltes Lakritz 500g \"></div>\n                \n                <div class=\"box_article_details float_left\">\n                        <div class=\"box_article_footer absolute float_left\">\n        <div id=\"productPricePerUnit_\" class=\"pricePerUnit\">\n            <span class=\"float_left unitname\">\n                0.5 kg\n\n                                                                            </span>\n            <span class=\"float_left ppu\">6,38 €&nbsp;/&nbsp;kg</span>\n        </div>\n    </div>\n\n                </div>\n            </div>\n            <div class=\"box_list_listview pricebox\">\n                <div class=\"box_article_bio absolute\">\n                                                                                                                                                                    </div>\n                <div>\n                    <div class=\"footer_shadow_small absolute box_article_shadow\"></div>\n                    <div class=\"box_price_tag float_left\">Preis</div>\n                    <div class=\"box_article_price   float_right\">\n    <div>\n        3,19€*\n    </div>\n            <div class=\"old\" style=\"text-decoration:none;\">&nbsp;</div>\n        </div>\n                    <div class=\"box_lager float_left\">\n                        <div class=\"box_lager_avail float_left\"></div>\n                        <div class=\"float_left\">Artikel ist auf Lager</div>\n                    </div>\n                                            <div class=\"box_article_number float_left\">\n                            <div class=\"box_article_modifier float_left\"><a href=\"#\" btattached=\"true\">-</a></div>\n                            <input type=\"text\" value=\"1\" class=\"box_article_number_num float_left\" name=\"am\">\n                            <input type=\"hidden\" value=\"104\">\n                            <div class=\"box_article_modifier_plus float_left\"><a href=\"#\" btattached=\"true\">+</a></div>\n                        </div>\n                        <input type=\"submit\" value=\"In den Warenkorb\" class=\"box_article_basket float_left\">\n                                    </div>\n            </div>\n            <div class=\"box_list_regular float_left absolute\">\n                                    <div class=\"box_article_number float_left\">\n                        <div class=\"box_article_modifier float_left\"><a href=\"#\" btattached=\"true\">-</a></div>\n                        <input type=\"text\" value=\"1\" class=\"box_article_number_num float_left\" name=\"am\">\n                        <input type=\"hidden\" value=\"104\">\n                        <div class=\"box_article_modifier_plus float_left\"><a href=\"#\" btattached=\"true\">+</a></div>\n                    </div>\n                    <input type=\"submit\" value=\"In den Warenkorb\" class=\"box_article_basket float_left\">\n                                <div class=\"box_article_bio absolute\">\n                                                                                                                                                                    </div>\n                <div class=\"box_article_price   absolute\">\n    <div>\n        3,19€*\n    </div>\n            <div class=\"old\" style=\"text-decoration:none;\">&nbsp;</div>\n        </div>\n            </div>\n        </form>\n                                    </div>                                            \n                                                            \n                                        \n                                        \n                                        \n                                        \n                                        \n                                        \n                                        \n                                        \n                                        \n                                        \n                                        \n                                        \n                                        \n                                        \n                                        \n                                        \n                                        \n                                        \n                                        \n                                        \n                                             \n        <div class=\"  grid4_4 relative box_height_xxxlarge box_product box_corners box_shadow margin_bottom_medium  \" style=\"cursor: pointer;\">\n        <form class=\"absolute box_product box_height_xxxlarge box_corners\" name=\"tobasket\" action=\"https://www.lieferello.de/index.php?\" method=\"post\" style=\"cursor: pointer;\">\n            <input type=\"hidden\" name=\"actcontrol\" value=\"start\">\n\n            \n<input type=\"hidden\" name=\"lang\" value=\"0\">\n            <input type=\"hidden\" name=\"pgNr\" value=\"0\">\n                                                            <input type=\"hidden\" name=\"cl\" value=\"start\">\n                                                              <input type=\"hidden\" name=\"fnc\" value=\"tobasket\">\n                                        <input type=\"hidden\" name=\"aid\" value=\"d37ef821a196eedd7fe7edbb6031eaa5\">\n                                            <input type=\"hidden\" name=\"anid\" value=\"d37ef821a196eedd7fe7edbb6031eaa5\">\n                                                            \n                        <div class=\"box_list_starcom float_left\">\n                <div class=\"box_stars float_left s0\"><img src=\"https://www.lieferello.de/out/lieferello/src/img/s.png\"></div>\n                <div class=\"box_comments float_left\">\n                    <div class=\"float_left\">Kommentare (0)</div>\n                    <img src=\"https://www.lieferello.de/out/lieferello/src/img/s.png\" class=\"float_left\">\n                </div>\n            </div>\n            <div class=\"box_list_listview\">\n                \n                    <div class=\"img_product float_left\"><a href=\"http://www.lieferello.de/Schaumzucker/Mellow-Mellow-Barbecue-Marshmallows-im-Standbeutel-500g.html\" btattached=\"true\"><img src=\"https://www.lieferello.de/out/pictures/generated/product/thumb/140_140_85/Mellow-Mellow-Barbecue-Marshmallows-im-Standbeutel-500g.jpg\" alt=\"Mellow Mellow Barbecue Marshmallows im Standbeutel 500g \"></a></div>\n                \n                <div class=\"float_left box_product_details\">\n                    <div class=\"box_article_headline float_left\"><a href=\"http://www.lieferello.de/Schaumzucker/Mellow-Mellow-Barbecue-Marshmallows-im-Standbeutel-500g.html\" btattached=\"true\">Mellow Mellow Barbecue Marshmallows im Standbeutel 500g </a></div>\n                    <div class=\"box_article_details float_left\">\n                        Feine Marshmallows mit praktischen Schaschlikstäbchen zum Rösten\n                    </div>\n                    <div class=\"box_article_footer float_left\">\n                            <span id=\"productPricePerUnit_\" class=\"pricePerUnit\">\n        0.5 kg | 9,98 €&nbsp;/&nbsp;kg\n    </span>\n\n                    </div>\n                </div>\n            </div>\n            <div class=\"box_list_regular float_left\">\n                <div class=\"box_article_headline float_left\"><a href=\"http://www.lieferello.de/Schaumzucker/Mellow-Mellow-Barbecue-Marshmallows-im-Standbeutel-500g.html\" btattached=\"true\">Mellow Mellow Barbecue Marshmallows im Standbeutel 500g </a></div>\n                \n                    <div class=\"img_product\"><img src=\"https://www.lieferello.de/out/pictures/generated/product/thumb/140_140_85/Mellow-Mellow-Barbecue-Marshmallows-im-Standbeutel-500g.jpg\" alt=\"Mellow Mellow Barbecue Marshmallows im Standbeutel 500g \"></div>\n                \n                <div class=\"box_article_details float_left\">\n                        <div class=\"box_article_footer absolute float_left\">\n        <div id=\"productPricePerUnit_\" class=\"pricePerUnit\">\n            <span class=\"float_left unitname\">\n                0.5 kg\n\n                                                                            </span>\n            <span class=\"float_left ppu\">9,98 €&nbsp;/&nbsp;kg</span>\n        </div>\n    </div>\n\n                </div>\n            </div>\n            <div class=\"box_list_listview pricebox\">\n                <div class=\"box_article_bio absolute\">\n                                                                                                                                                                    </div>\n                <div>\n                    <div class=\"footer_shadow_small absolute box_article_shadow\"></div>\n                    <div class=\"box_price_tag float_left\">Preis</div>\n                    <div class=\"box_article_price   float_right\">\n    <div>\n        4,99€*\n    </div>\n            <div class=\"old\" style=\"text-decoration:none;\">&nbsp;</div>\n        </div>\n                    <div class=\"box_lager float_left\">\n                        <div class=\"box_lager_avail float_left\"></div>\n                        <div class=\"float_left\">Artikel ist auf Lager</div>\n                    </div>\n                                            <div class=\"box_article_number float_left\">\n                            <div class=\"box_article_modifier float_left\"><a href=\"#\" btattached=\"true\">-</a></div>\n                            <input type=\"text\" value=\"1\" class=\"box_article_number_num float_left\" name=\"am\">\n                            <input type=\"hidden\" value=\"554\">\n                            <div class=\"box_article_modifier_plus float_left\"><a href=\"#\" btattached=\"true\">+</a></div>\n                        </div>\n                        <input type=\"submit\" value=\"In den Warenkorb\" class=\"box_article_basket float_left\">\n                                    </div>\n            </div>\n            <div class=\"box_list_regular float_left absolute\">\n                                    <div class=\"box_article_number float_left\">\n                        <div class=\"box_article_modifier float_left\"><a href=\"#\" btattached=\"true\">-</a></div>\n                        <input type=\"text\" value=\"1\" class=\"box_article_number_num float_left\" name=\"am\">\n                        <input type=\"hidden\" value=\"554\">\n                        <div class=\"box_article_modifier_plus float_left\"><a href=\"#\" btattached=\"true\">+</a></div>\n                    </div>\n                    <input type=\"submit\" value=\"In den Warenkorb\" class=\"box_article_basket float_left\">\n                                <div class=\"box_article_bio absolute\">\n                                                                                                                                                                    </div>\n                <div class=\"box_article_price   absolute\">\n    <div>\n        4,99€*\n    </div>\n            <div class=\"old\" style=\"text-decoration:none;\">&nbsp;</div>\n        </div>\n            </div>\n        </form>\n                                    </div>                                            \n                                                                        \n                                        \n                                        \n                                        \n                                        \n                                        \n                                        \n                                        \n                                        \n                                        \n                                        \n                                        \n                                        \n                                        \n                                        \n                                        \n                                        \n                                        \n                                        \n                                        \n                                        \n                                        \n                                        \n                                        \n                                        \n                                             \n        <div class=\"  grid4_4 relative box_height_xxxlarge box_product box_corners box_shadow margin_bottom_medium  \" style=\"cursor: pointer;\">\n        <form class=\"absolute box_product box_height_xxxlarge box_corners\" name=\"tobasket\" action=\"https://www.lieferello.de/index.php?\" method=\"post\" style=\"cursor: pointer;\">\n            <input type=\"hidden\" name=\"actcontrol\" value=\"start\">\n\n            \n<input type=\"hidden\" name=\"lang\" value=\"0\">\n            <input type=\"hidden\" name=\"pgNr\" value=\"0\">\n                                                            <input type=\"hidden\" name=\"cl\" value=\"start\">\n                                                              <input type=\"hidden\" name=\"fnc\" value=\"tobasket\">\n                                        <input type=\"hidden\" name=\"aid\" value=\"b4cabd177013f520d74c8531598f8f61\">\n                                            <input type=\"hidden\" name=\"anid\" value=\"b4cabd177013f520d74c8531598f8f61\">\n                                                            \n                        <div class=\"box_list_starcom float_left\">\n                <div class=\"box_stars float_left s0\"><img src=\"https://www.lieferello.de/out/lieferello/src/img/s.png\"></div>\n                <div class=\"box_comments float_left\">\n                    <div class=\"float_left\">Kommentare (0)</div>\n                    <img src=\"https://www.lieferello.de/out/lieferello/src/img/s.png\" class=\"float_left\">\n                </div>\n            </div>\n            <div class=\"box_list_listview\">\n                \n                    <div class=\"img_product float_left\"><a href=\"http://www.lieferello.de/Saucen/Wuerzsauce/Fiensmecker-Einhorn-Knoblauchsauce-250g.html\" btattached=\"true\"><img src=\"https://www.lieferello.de/out/pictures/generated/product/thumb/140_140_85/Fiensmecker-Einhorn-Knoblauchsauce-250g.jpg\" alt=\"Fiensmecker Einhorn Knoblauchsauce 250g \"></a></div>\n                \n                <div class=\"float_left box_product_details\">\n                    <div class=\"box_article_headline float_left\"><a href=\"http://www.lieferello.de/Saucen/Wuerzsauce/Fiensmecker-Einhorn-Knoblauchsauce-250g.html\" btattached=\"true\">Fiensmecker Einhorn Knoblauchsauce 250g </a></div>\n                    <div class=\"box_article_details float_left\">\n                        Knuffelig-rosafarbene Knoblauchsauce mit Zwiebeln\n                    </div>\n                    <div class=\"box_article_footer float_left\">\n                            <span id=\"productPricePerUnit_\" class=\"pricePerUnit\">\n        250 g | 1,84 €&nbsp;/&nbsp;100 g\n    </span>\n\n                    </div>\n                </div>\n            </div>\n            <div class=\"box_list_regular float_left\">\n                <div class=\"box_article_headline float_left\"><a href=\"http://www.lieferello.de/Saucen/Wuerzsauce/Fiensmecker-Einhorn-Knoblauchsauce-250g.html\" btattached=\"true\">Fiensmecker Einhorn Knoblauchsauce 250g </a></div>\n                \n                    <div class=\"img_product\"><img src=\"https://www.lieferello.de/out/pictures/generated/product/thumb/140_140_85/Fiensmecker-Einhorn-Knoblauchsauce-250g.jpg\" alt=\"Fiensmecker Einhorn Knoblauchsauce 250g \"></div>\n                \n                <div class=\"box_article_details float_left\">\n                        <div class=\"box_article_footer absolute float_left\">\n        <div id=\"productPricePerUnit_\" class=\"pricePerUnit\">\n            <span class=\"float_left unitname\">\n                250 g\n\n                                                                            </span>\n            <span class=\"float_left ppu\">1,84 €&nbsp;/&nbsp;100 g</span>\n        </div>\n    </div>\n\n                </div>\n            </div>\n            <div class=\"box_list_listview pricebox\">\n                <div class=\"box_article_bio absolute\">\n                                                                                                                                                    <img src=\"https://www.lieferello.de/out/lieferello/src/img/s.png\" class=\"img_gluten\" title=\"Glutenfrei\">                </div>\n                <div>\n                    <div class=\"footer_shadow_small absolute box_article_shadow\"></div>\n                    <div class=\"box_price_tag float_left\">Preis</div>\n                    <div class=\"box_article_price   float_right\">\n    <div>\n        4,59€*\n    </div>\n            <div class=\"old\" style=\"text-decoration:none;\">&nbsp;</div>\n        </div>\n                    <div class=\"box_lager float_left\">\n                        <div class=\"box_lager_avail float_left\"></div>\n                        <div class=\"float_left\">Artikel ist auf Lager</div>\n                    </div>\n                                            <div class=\"box_article_number float_left\">\n                            <div class=\"box_article_modifier float_left\"><a href=\"#\" btattached=\"true\">-</a></div>\n                            <input type=\"text\" value=\"1\" class=\"box_article_number_num float_left\" name=\"am\">\n                            <input type=\"hidden\" value=\"74\">\n                            <div class=\"box_article_modifier_plus float_left\"><a href=\"#\" btattached=\"true\">+</a></div>\n                        </div>\n                        <input type=\"submit\" value=\"In den Warenkorb\" class=\"box_article_basket float_left\">\n                                    </div>\n            </div>\n            <div class=\"box_list_regular float_left absolute\">\n                                    <div class=\"box_article_number float_left\">\n                        <div class=\"box_article_modifier float_left\"><a href=\"#\" btattached=\"true\">-</a></div>\n                        <input type=\"text\" value=\"1\" class=\"box_article_number_num float_left\" name=\"am\">\n                        <input type=\"hidden\" value=\"74\">\n                        <div class=\"box_article_modifier_plus float_left\"><a href=\"#\" btattached=\"true\">+</a></div>\n                    </div>\n                    <input type=\"submit\" value=\"In den Warenkorb\" class=\"box_article_basket float_left\">\n                                <div class=\"box_article_bio absolute\">\n                                                                                                                                                    <img src=\"https://www.lieferello.de/out/lieferello/src/img/s.png\" class=\"img_gluten\" title=\"Glutenfrei\">                </div>\n                <div class=\"box_article_price   absolute\">\n    <div>\n        4,59€*\n    </div>\n            <div class=\"old\" style=\"text-decoration:none;\">&nbsp;</div>\n        </div>\n            </div>\n        </form>\n                                    </div>                                        </div>\n                </div>\n            </div>\n            <div class=\"grid5_2 relative box_spinner_right\">\n                <a class=\"nextElement\" btattached=\"true\"><img src=\"https://www.lieferello.de/out/lieferello/src/img/s.png\" class=\"img_big_right\"></a>\n            </div>\n            <div class=\"clearfix \" style=\"clear: both;\"></div>\n        </div>\n\n    \n    <hr class=\"box_bottom_dashed margin_top_medium float_left margin_left_medium margin_bottom_medium\">\n\n    <div class=\"grid_master margin_top_medium box_content_main padding_bottom_medium width_content\">\n        <div style=\"text-align: justify\">\n<h2 style=\"color: #938152; font-size: 120%\">Lebensmittel, Spirituosen, Feinkost und Süßwaren auf lieferello.de – Ihrem Online-Shop</h2><br>\n<br>\n<h3>Premium Lebensmittel finden Sie im Online-Shop von Lieferello</h3>\nUnser Sortiment hochwertiger Lebensmittel umfasst mehr als 18.000 Artikel – im Online-Shop von Lieferello finden Sie viele Premiumprodukte namhafter Hersteller – exklusiv für Sie ausgewählt. Erlesene Weine, edle Spirituosen, raffinierte Süßwaren, klassische Feinkost und vieles mehr – alles zusammengestellt für den Freund großer Genüsse – sozusagen ein Schlemmermarkt für Gourmets. Ob die renommierten Produkte namhafter Produzenten oder die individuellen Perlen kleiner Manufakturen – hier finden Sie feine Delikatessen für jeden Anlass. Lieferello bietet Ihnen selbstverständlich auch internationale Spezialitäten wie Scotch Whisky, feinen Wein aus Frankreich, süße Schokolade aus der Schweiz und darüber hinaus natürlich auch zum Beispiel deutsches Bier aus prämierten Brauereien. Außerdem finden Sie leckere Saucen aus den USA, Mediterranes oder Orientalisches: Das alles und noch viel mehr liefert Ihnen Ihr Lieferello-Shop zuverlässig und unkompliziert nach Hause. Neben Lebensmitteln haben wir auch noch viele sinnvolle Helfer oder schöne Accessoires für die Küche oder den gedeckten Tisch im Angebot, mit denen es sich einfach noch besser genießen lässt.<br>\n<br>\n<h3>Spirituosen &amp; Wein – nicht nur der edle Geist des Weines weht durch unseren Shop bei lieferello.de</h3>\nUnsere große Auswahl an internationalen Spirituosen aus dem Premium-Segment und die unzähligen Weine in Ihrem Lieferello-Shop, vom Weißwein über Rotwein bis zum Rosé, wecken einfach Lust auf Genuss. Ob Bourbon, Gin, Vodka oder Rum: unser Sortiment ist unvergleichlich breit gefächert, zeigt sich aber dennoch sehr exklusiv. Auch \"Kurze\" oder Shots wie Tequila, Klare, Grappa oder feine Obstbrände werden schnell und preiswert von Lieferello zu Ihnen nach Hause gebracht. Champagner, Prosecco und viele weitere edle Tropfen runden das Sortiment in diesem Segment Ihres Lieferello-Shops ab.<br>\n<br>\n<h3>Feinkost – des Essens feine Seele: Erlesenes für Sie im Lieferello-Shop</h3>\nDelikatessen sind das i-Tüpfelchen eines jeden guten Essens. Italienische Antipasti oder würziger Serrano-Schinken aus Spanien eignen sich prima als Starter für leckere Tapas in geselliger Runde. Pesto, Chutney und Relish peppen auch Ihr Dinner geschmackvoll auf. Edle Trüffel, Pilze oder Oliven verfeinern Ihren nächsten Hauptgang auf unvergleichliche Weise und werden einen bleibenden Eindruck bei Ihnen und Ihren Gästen hinterlassen.<br>\n<br>\n<h3>Süßwaren – sinnliche Verführungen durch feinste Confiserie bei Lieferello</h3>\nSüßwaren, im Kindermund auch „Naschen“ oder „Süßigkeiten“ genannt, bilden als Dessert nicht nur einen grandiosen Schlusspunkt zum Essen. Gefühlt sind sie weit mehr als nur Lebensmittel, halten sie doch Leib und Seele durch unvergleichlichen Genuss zusammen. Pure Freude durch zarte Pralinen, ausgewählte Trüffel, feinstes Gebäck oder hauchzarte Schokoladen von Lieferello - wer kann da widerstehen.<br>\n<br>\n<h3>Lieferello als Online-Shop – Große Auswahl, herausragende Qualität und außergewöhnlicher Service</h3>\nHerausragender Service gehört für uns zum guten Ton und spiegelt sich in unserer täglichen Arbeit wieder. So bezieht sich unser hoher Anspruch an uns selbst nicht nur auf das im Lieferello-Shop erhältliche Sortiment: Auch die per DHL abgewickelte Lieferung wird von uns für jede einzelne Bestellung zuverlässig und gewissenhaft in Auftrag gegeben. Natürlich wissen wir, dass Sie Ihre Lieferung zeitnah erhalten möchten, dementsprechend beträgt unsere Lieferzeit im Regelfall 1 bis maximal 3 Werktage. Und sollte ein von Ihnen gewünschtes Produkt mal nicht erhältlich sein, finden wir auch dafür eine Lösung. Sprechen Sie uns einfach an, denn nichts ist uns wichtiger als Ihre Zufriedenheit. Der hohe Anspruch an uns selbst wird unter anderem auch durch die Zertifizierung von Trusted Shops belegt, die wir natürlich als Auszeichnung und gleichzeitig als Verpflichtung zu bedingungslos exzellentem Service verstehen.\nBei konkreten Fragen hilft Ihnen unsere Hotline sehr gerne weiter, die Sie von Montag-Freitag unter 0431-6893-3900 erreichen. Wenn Sie sich tagesaktuell über Neuigkeiten bei Lieferello informieren möchten, empfehlen wir Ihnen unsere rund um die Uhr erreichbare Fanpage bei Facebook oder die Anmeldung zu unserem extra für Sie zusammengestellten Newsletter: So bleiben Sie immer auf dem Laufenden und verpassen keinen Trend aus der Welt der Genüsse!<br>\n<br>\n<h3>Entdecken Sie unsere Kategorie \"Neu bei Lieferello\"</h3>\nSie suchen neue Produkte, damit Sie Ihren anspruchsvollen Gaumen stets von neuem begeistern können. Heute ein edler Tropfen, morgen ein würziger Snack – überhaupt kein Problem, denn Ihr Lieferello-Shop wird täglich erweitert und Ihren Bedürfnissen angepasst: So wird unser Sortiment kontinuierlich ausgebaut, wovon Sie selbstverständlich nachhaltig profitieren. Egal aus welchem Bereich Sie innovative Produkte suchen, Ihr Lieferello-Shop bringt Ihnen Ihre liebsten Genüsse direkt an die Haustür.<br>\n<br></div>\n\n    </div>\n    \n\n                                            </div>\n                </div>\n            </div>\n        </div>\n                    \n    <footer class=\"footer relative\">\n        <div class=\"footer_topbox_background\">\n            <div class=\"relative footer_box_width footer box_bottom box_corners box_shadow\">\n                \n                                <div class=\"gridf_1g \">\n                    <div class=\"footer_height1\">\n                        <div class=\"gridf_1 footer_height1\">\n                            <div class=\"padding_left_large padding_top_large\">\n                                <h6>Lieferello</h6><br>\n                                <ul class=\"link_list\">\n                                                                            <li><a href=\"http://www.lieferello.de/UEber-uns/\" btattached=\"true\">Über uns</a></li>\n                                                                                                                <li><a href=\"http://www.lieferello.de/Impressum/\" btattached=\"true\">Impressum</a></li>\n                                                                                                                <li><a href=\"http://www.lieferello.de/AGB/\" rel=\"nofollow\" btattached=\"true\">AGB</a></li>\n                                                                                                             <li><a href=\"http://www.lieferello.de/kontakt/\" btattached=\"true\">Kontakt</a></li>\n                                </ul>\n                            </div>\n                        </div>\n                        <div class=\"gridf_1 footer_shadow_small footer_height1\">\n                            <div class=\"padding_left_large padding_top_large\">\n                                <h6>&nbsp;</h6><br>\n                                <ul class=\"link_list\">\n                                                                            <li><a href=\"http://www.lieferello.de/Datenschutz/\" rel=\"nofollow\" btattached=\"true\">Datenschutz</a></li>\n                                                                                                                <li><a href=\"http://www.lieferello.de/Widerrufsbelehrung/\" rel=\"nofollow\" btattached=\"true\">Widerrufsbelehrung</a></li>\n                                                                                                                <li><a href=\"http://www.lieferello.de/Zahlungsmoeglichkeiten/\" rel=\"nofollow\" btattached=\"true\">Zahlungsmöglichkeiten</a></li>\n                                                                                                                <li><a href=\"http://www.lieferello.de/Haushalt-Drogerie/Versand-und-Kosten/\" rel=\"nofollow\" btattached=\"true\">Versand und Kosten</a></li>\n                                                                    </ul>\n                            </div>\n                        </div>\n                        <div class=\"gridf_2 footer_shadow_small footer_height1\">\n                            <div class=\"padding_left_large padding_top_large\">\n        <h6>Topmarken</h6>\n\n                                                    <div class=\"gridf_2 margin_top_footer\">\n                        <div class=\"topMarken_box relative\">\n                <a href=\"http://www.lieferello.de/Proviant/\" title=\"Proviant\" btattached=\"true\">\n                    <img src=\"https://www.lieferello.de/out/pictures/generated/manufacturer/icon/100_100_85/proviant.jpg\" alt=\"Proviant\">\n                </a>\n            </div>\n                                <div class=\"topMarken_box relative\">\n                <a href=\"http://www.lieferello.de/Tanqueray/\" title=\"Tanqueray\" btattached=\"true\">\n                    <img src=\"https://www.lieferello.de/out/pictures/generated/manufacturer/icon/100_100_85/tanqeray.jpg\" alt=\"Tanqueray\">\n                </a>\n            </div>\n                                <div class=\"topMarken_box relative\">\n                <a href=\"http://www.lieferello.de/Jamie-Oliver/\" title=\"Jamie Oliver\" btattached=\"true\">\n                    <img src=\"https://www.lieferello.de/out/pictures/generated/manufacturer/icon/100_100_85/jamieoliver.jpg\" alt=\"Jamie Oliver\">\n                </a>\n            </div>\n                                <div class=\"topMarken_box relative\">\n                <a href=\"http://www.lieferello.de/Cipriani/\" title=\"Cipriani\" btattached=\"true\">\n                    <img src=\"https://www.lieferello.de/out/pictures/generated/manufacturer/icon/100_100_85/cipriani.jpg\" alt=\"Cipriani\">\n                </a>\n            </div>\n                                                        </div>\n                                <div class=\"gridf_2 \">\n                        <div class=\"topMarken_box relative\">\n                <a href=\"http://www.lieferello.de/Sansibar/\" title=\"Sansibar\" btattached=\"true\">\n                    <img src=\"https://www.lieferello.de/out/pictures/generated/manufacturer/icon/100_100_85/sansibar.jpg\" alt=\"Sansibar\">\n                </a>\n            </div>\n                                <div class=\"topMarken_box relative\">\n                <a href=\"http://www.lieferello.de/Gepa/\" title=\"Gepa\" btattached=\"true\">\n                    <img src=\"https://www.lieferello.de/out/pictures/generated/manufacturer/icon/100_100_85/gepa.jpg\" alt=\"Gepa\">\n                </a>\n            </div>\n                                <div class=\"topMarken_box relative\">\n                <a href=\"http://www.lieferello.de/AKI/\" title=\"AKI\" btattached=\"true\">\n                    <img src=\"https://www.lieferello.de/out/pictures/generated/manufacturer/icon/100_100_85/aki-logo-cmyk(1).jpg\" alt=\"AKI\">\n                </a>\n            </div>\n                                <div class=\"topMarken_box relative\">\n                <a href=\"http://www.lieferello.de/de-Buyer/\" title=\"de Buyer\" btattached=\"true\">\n                    <img src=\"https://www.lieferello.de/out/pictures/generated/manufacturer/icon/100_100_85/debuyer.jpg\" alt=\"de Buyer\">\n                </a>\n            </div>\n                </div>\n        <div class=\"gridf_2 text_align_right\">\n            <a href=\"http://www.lieferello.de/Nach-Hersteller/\" class=\"topmarken_link\" btattached=\"true\">\n                Alle Marken anzeigen\n            </a>\n        </div>\n    </div>\n\n                        </div>\n                    </div>\n                    <div class=\"footer_height2\">\n                        <div class=\"gridf_1g footer_height2\">\n                            <div class=\"box_border_dashed_top div_dashline_footer_links relative\"></div>\n                            <div>\n                                <div class=\"footer_height2 gridf_2\">\n                                    <div class=\"padding_left_large padding_top_large\">\n                                        <h6>Zahlungsmöglichkeiten</h6>\n                                                                                    <a href=\"http://www.lieferello.de/Zahlungsmoeglichkeiten/\" rel=\"nofollow\" btattached=\"true\">\n                                                <img src=\"https://www.lieferello.de/out/lieferello/src/img/s.png\" width=\"205\" height=\"65\" class=\"img_payment relative\" alt=\"Zahlungsmöglichkeiten\">\n                                            </a>\n                                                                            </div>\n                                </div>\n                                <div class=\"footer_height2 gridf_2\">\n                                    <div class=\"padding_left_large padding_top_large\">\n                                        <h6>Social Media</h6>\n                                        <a href=\"https://www.facebook.com/Lieferello/\" btattached=\"true\"><img src=\"https://www.lieferello.de/out/lieferello/src/img/s.png\" width=\"30\" height=\"30\" class=\"img_socialmedia_facebook\" alt=\"Facebook\"></a>\n                                        <a href=\"https://www.instagram.com/lieferello/\" btattached=\"true\"><img src=\"https://www.lieferello.de/out/lieferello/src/img/s.png\" width=\"30\" height=\"30\" class=\"img_socialmedia_google\" alt=\"Instagramm\"></a>\n                                        <a href=\"https://twitter.com/lieferello\" btattached=\"true\"><img src=\"https://www.lieferello.de/out/lieferello/src/img/s.png\" width=\"30\" height=\"30\" class=\"img_socialmedia_twitter\" alt=\"Twitter\"></a>\n                                        <a href=\"http://blog.lieferello.de/\" btattached=\"true\"><img src=\"https://www.lieferello.de/out/lieferello/src/img/s.png\" width=\"30\" height=\"30\" class=\"img_socialmedia_youtube\" alt=\"Blog\"></a>\n\t\t\t\t\t\n\t\t\t\t\t\t\t\t\t\t    <h6 style=\"margin-top: 0.5rem;\">Wir versenden mit</h6>\n\t\t\t\t\t    <a href=\"http://www.lieferello.de/Haushalt-Drogerie/Versand-und-Kosten/\" rel=\"nofollow\" btattached=\"true\">\n                                                <img src=\"https://www.lieferello.de/out/lieferello/src/img/s.png\" width=\"52\" height=\"18\" class=\"img_payment relative\" style=\"background-position: -126px -438px; left: 0; top: 0.5rem;\">\n                                            </a>\n\t\t\t\t\t                                    </div>\n                                </div>\n                            </div>\n                        </div>\n                    </div>\n                </div>\n                <div class=\"gridf_3 footer_shadow_medium footer_height3\">\n                        <div class=\"gridf_3 footer_height1\">\n                                                            <form action=\"https://www.lieferello.de/index.php?\" method=\"post\">\n    \n<input type=\"hidden\" name=\"lang\" value=\"0\">\n    <input type=\"hidden\" name=\"fnc\" value=\"fill\">\n    <input type=\"hidden\" name=\"cl\" value=\"newsletter\">\n        <div class=\"padding_left_large padding_top_large\">\n        <h6>Newsletter</h6>\n        <br>\n        <input type=\"text\" placeholder=\"Meine E-Mail-Adresse\" maxlength=\"250\" name=\"editval[oxuser__oxusername]\" class=\"frm_newletter_txt\">\n        <input type=\"submit\" value=\"Abonnieren\" class=\"form_newsletter_submit box_corners cursor_pointer absolute newsletter_footer\">\n        <br>\n        <br>\n        <br>\n        <br>\n        <br>\n        <br>\n        <p class=\"padding_right_medium\">\n            Melden Sie sich hier zu unserem Newsletter an.\n        </p>\n    </div>\n</form>\n                                                    </div>\n                        <div class=\"gridf_3 footer_height2\">\n                            <div class=\"padding_left_medium\">\n                                <div class=\"box_border_dashed_top div_dashline_footer relative\"></div>\n                                <div class=\"padding_left_medium padding_top_large\">\n                                    <h6>Auf der sicheren Seite</h6>\n                                    <br>\n                                    <div class=\"div_img_trusted float_left\">\n                                                <a target=\"_blank\" href=\"https://www.trustedshops.de/shop/certificate.php?shop_id=X8D37F75ADA86A1A38C261C9FD2C86ECE\" btattached=\"true\"><img src=\"https://www.lieferello.de/out/lieferello/src/img/s.png\" alt=\"trusted e commerce logo\" class=\"img_trustedEcommerce\" width=\"45\" height=\"48\"></a>\n                                    </div>\n                                    <div class=\"div_trusted_ul_left relative float_left\">\n                                        <ul>\n                                            <li>Schnelle Lieferzeiten</li>\n                                            <li>Käuferschutz</li>\n                                                                                    </ul>\n                                    </div>\n                                    <div class=\"div_trusted_ul_right relative float_left\">\n                                        <ul>\n                                            <li>Datenschutz</li>\n                                            <li>Sichere Zahlung mit SSL-Verschlüsselung</li>\n                                                                                    </ul>\n                                    </div>\n                                </div>\n                            </div>\n                        </div>\n                </div>\n                                                        <div id=\"footerCatList\">\n                        <div class=\"box_border_dashed_top\"></div>\n                        <h6 class=\"padding_top_small\">Sortiment</h6>\n                        <ul class=\"link_list\">\n                                                            <li class=\"grid4_4\"><a href=\"http://www.lieferello.de/Schweden-Shop/\" btattached=\"true\">Schweden Shop</a></li>\n                                                            <li class=\"grid4_4\"><a href=\"http://www.lieferello.de/Bio/\" btattached=\"true\">Bio</a></li>\n                                                            <li class=\"grid4_4\"><a href=\"http://www.lieferello.de/Finnland-Shop/\" btattached=\"true\">Finnland</a></li>\n                                                            <li class=\"grid4_4\"><a href=\"http://www.lieferello.de/Spezialernaehrung/\" btattached=\"true\">Spezialernährung</a></li>\n                                                            <li class=\"grid4_4\"><a href=\"http://www.lieferello.de/Feinkost-Spezialitaeten/\" btattached=\"true\">Feinkost &amp; Spezialitäten</a></li>\n                                                            <li class=\"grid4_4\"><a href=\"http://www.lieferello.de/Getraenke/\" btattached=\"true\">Getränke</a></li>\n                                                            <li class=\"grid4_4\"><a href=\"http://blog.lieferello.de?\" btattached=\"true\">Blog</a></li>\n                                                            <li class=\"grid4_4\"><a href=\"http://www.lieferello.de/Kochen-Backen/\" btattached=\"true\">Kochen &amp; Backen</a></li>\n                                                            <li class=\"grid4_4\"><a href=\"http://www.lieferello.de/Haushalt-Drogerie/\" btattached=\"true\">Haushalt &amp; Drogerie</a></li>\n                                                            <li class=\"grid4_4\"><a href=\"http://www.lieferello.de/Suesses-Snacks/\" btattached=\"true\">Süßes &amp; Snacks</a></li>\n                                                            <li class=\"grid4_4\"><a href=\"http://www.lieferello.de/Fruehstueck-Baeckerei/\" btattached=\"true\">Frühstück &amp; Bäckerei</a></li>\n                                                            <li class=\"grid4_4\"><a href=\"http://www.lieferello.de/Geschenkideen/\" btattached=\"true\">Geschenkideen</a></li>\n                                                            <li class=\"grid4_4\"><a href=\"http://www.lieferello.de/Kuehlprodukte-oxid/\" btattached=\"true\">Kühlprodukte</a></li>\n                                                            <li class=\"grid4_4\"><a href=\"http://www.lieferello.de/Fairtrade/\" btattached=\"true\">Fairtrade</a></li>\n                                                            <li class=\"grid4_4\"><a href=\"http://www.lieferello.de/Frisches-Obst/\" btattached=\"true\">Obst &amp;amp; Gemüse</a></li>\n                                                            <li class=\"grid4_4\"><a href=\"http://www.lieferello.de/Gastronomie-Bedarf/\" btattached=\"true\">Gastronomie-Bedarf</a></li>\n                                                            <li class=\"grid4_4\"><a href=\"http://www.lieferello.de/Grillen1/\" btattached=\"true\">Grillen</a></li>\n                                                            <li class=\"grid4_4\"><a href=\"http://www.lieferello.de/and-more/\" btattached=\"true\">...and more</a></li>\n                                                            <li class=\"grid4_4\"><a href=\"http://www.lieferello.de/Tiefkuehlprodukte/\" btattached=\"true\">Tiefkühlprodukte</a></li>\n                                                            <li class=\"grid4_4\"><a href=\"http://www.lieferello.de/Gourmet-Angebote/\" btattached=\"true\">Gourmet-Angebote</a></li>\n                                                            <li class=\"grid4_4\"><a href=\"http://www.lieferello.de/Neu-bei-Lieferello/\" btattached=\"true\">Neu bei Lieferello</a></li>\n                                                            <li class=\"grid4_4\"><a href=\"http://www.lieferello.de/Fussballfieber/\" btattached=\"true\">Fußballfieber</a></li>\n                                                            <li class=\"grid4_4\"><a href=\"http://www.lieferello.de/Geschnuertes-Paeckchen/\" btattached=\"true\">Geschnürtes Päckchen</a></li>\n                                                            <li class=\"grid4_4\"><a href=\"http://www.lieferello.de/Valentinstag2017/?\" btattached=\"true\">Valentinstag</a></li>\n                                                            <li class=\"grid4_4\"><a href=\"http://www.lieferello.de/Muttertag/\" btattached=\"true\">Muttertag</a></li>\n                                                            <li class=\"grid4_4\"><a href=\"http://www.lieferello.de/Vatertag/\" btattached=\"true\">Vatertag</a></li>\n                                                    </ul>\n                        <div style=\"clear:both;\"></div>\n                    </div>\n                            </div>\n        </div>\n        <div class=\"grid_master footer margin_top_small\">\n            <div class=\"box_centered margin_left_medium\">\n                <ul class=\"explanation\">\n                                            <li>* Alle Preise inkl. gesetzl. Mehrwertsteuer\n<a href=\"http://www.lieferello.de/Haushalt-Drogerie/Versand-und-Kosten/\" rel=\"nofollow\" btattached=\"true\">\nzzgl. Versandkosten und ggf. Nachnahmegebühren</a>\n, wenn nicht anders beschrieben</li>\n                                                                <li>** Prozentuale Ersparnis im Vergleich zum ehemaligen Verkaufspreis im Shop oder bei Sets: Ersparnis im Vergleich zum Einzelpreis</li>\n                                                                <li>*** ehemaliger Verkaufspreis im Shop oder bei Sets: Vergleichs-Preis bei Einzelkauf\n<div><br>\n&nbsp; &nbsp;\n<div>\n<div><br>\n<br><!-- Facebook Pixel Code -->\n<script>\n!function(f,b,e,v,n,t,s){if(f.fbq)return;n=f.fbq=function(){n.callMethod?\nn.callMethod.apply(n,arguments):n.queue.push(arguments)};if(!f._fbq)f._fbq=n;\nn.push=n;n.loaded=!0;n.version='2.0';n.queue=[];t=b.createElement(e);t.async=!0;\nt.src=v;s=b.getElementsByTagName(e)[0];s.parentNode.insertBefore(t,s)}(window,\ndocument,'script','https://connect.facebook.net/en_US/fbevents.js');\n\n\nfbq('init', '910598462390772');\nfbq('track', \"PageView\");</script>\n<noscript>&amp;amp;amp;amp;amp;amp;amp;amp;amp;amp;amp;amp;amp;amp;amp;amp;amp;amp;amp;amp;amp;amp;amp;lt;img height=&amp;amp;amp;amp;amp;amp;amp;amp;amp;amp;amp;amp;amp;amp;amp;amp;amp;amp;amp;amp;amp;amp;amp;quot;1&amp;amp;amp;amp;amp;amp;amp;amp;amp;amp;amp;amp;amp;amp;amp;amp;amp;amp;amp;amp;amp;amp;amp;quot; width=&amp;amp;amp;amp;amp;amp;amp;amp;amp;amp;amp;amp;amp;amp;amp;amp;amp;amp;amp;amp;amp;amp;amp;quot;1&amp;amp;amp;amp;amp;amp;amp;amp;amp;amp;amp;amp;amp;amp;amp;amp;amp;amp;amp;amp;amp;amp;amp;quot; style=&amp;amp;amp;amp;amp;amp;amp;amp;amp;amp;amp;amp;amp;amp;amp;amp;amp;amp;amp;amp;amp;amp;amp;quot;display:none&amp;amp;amp;amp;amp;amp;amp;amp;amp;amp;amp;amp;amp;amp;amp;amp;amp;amp;amp;amp;amp;amp;amp;quot;\nsrc=&amp;amp;amp;amp;amp;amp;amp;amp;amp;amp;amp;amp;amp;amp;amp;amp;amp;amp;amp;amp;amp;amp;amp;quot;https://www.facebook.com/tr?id=910598462390772&amp;amp;amp;amp;amp;amp;amp;amp;amp;amp;amp;amp;amp;amp;amp;amp;amp;amp;amp;amp;amp;amp;amp;amp;ev=PageView&amp;amp;amp;amp;amp;amp;amp;amp;amp;amp;amp;amp;amp;amp;amp;amp;amp;amp;amp;amp;amp;amp;amp;amp;noscript=1&amp;amp;amp;amp;amp;amp;amp;amp;amp;amp;amp;amp;amp;amp;amp;amp;amp;amp;amp;amp;amp;amp;amp;quot;\n/&amp;amp;amp;amp;amp;amp;amp;amp;amp;amp;amp;amp;amp;amp;amp;amp;amp;amp;amp;amp;amp;amp;amp;gt;</noscript><!-- End Facebook Pixel Code --></div></div></div></li>\n                                    </ul>\n            </div>\n            <div class=\"box_centered text_centered text_footer box_centered_foot\">\n                <img class=\"image_logo\" src=\"https://www.lieferello.de/out/lieferello/src/img/s.png\" alt=\"Lieferello  ...food and more!\">\n                <br>\n                © 2012 - 2017 Lieferello GmbH &amp; Co KG\n            </div>\n        </div>\n    </footer>\n\n\n\n                        \n                    <div id=\"fb-root\"></div>\n    \n    \n            <div id=\"fbinfo\" class=\"fbInfoPopup popupBox corners FXgradGreyLight glowShadow\">\n            <img src=\"https://www.lieferello.de/out/lieferello/src/img/close.png\" alt=\"\" class=\"closePop\">\n            <div class=\"wrappingIntro clear\">\n                <h3>Hinweis zum Datenschutz bei der Nutzung der Facebook Plugins</h3>\n                Hier können Informationen zur Übermittlung personenbezogener Daten an Facebook hinterlegt werden.<br><br>Bei der Nutzung der Facebook Plugins wird eine Verbindung zu Facebook hergestellt, damit Sie Inhalte mit anderen Usern teilen können. Sollten Sie beim Besuch des Online-Shops die Plugins nutzen und gleichzeitig bei Facebook eingeloggt sein, werden personenbezogene Daten automatisch an Facebook übermittelt. Der Umfang der Datenerhebung sowie die weitere Verarbeitung und Nutzung der Daten kann in den <a href=\"http://www.facebook.com/policy.php\" target=\"_blank\" btattached=\"true\">Datenschutzhinweisen von Facebook</a> nachgelesen und individuell konfiguriert werden.\n            </div>\n        </div>\n                \n    \n        \n    \n        \n        \n        \n        \n        \n    \n\n\n\n\n            \n    \n    \n<script type=\"text/javascript\">\n    var liveSearchUrl = 'https://www.lieferello.de/modules/actindo/elasticsearch/application/controllers/search.php?shp=1&lng=0';\n</script>\n\n\n\n    \n    <script type=\"text/javascript\" src=\"https://www.lieferello.de/out/lieferello/src/js/libs/cookie/jquery.cookie.js?1484663122\"></script>\n<script type=\"text/javascript\" src=\"https://www.lieferello.de/out/lieferello/src/js/jquery.tools.min.js?1484663113\"></script>\n<script type=\"text/javascript\" src=\"https://www.lieferello.de/out/lieferello/src/js/widgets/oxmodalpopup.js?1484663120\"></script>\n<script type=\"text/javascript\" src=\"https://www.lieferello.de/out/lieferello/src/js/widgets/oxfacebook.js?1484663119\"></script>\n<script type=\"text/javascript\" src=\"https://www.lieferello.de/out/lieferello/src/js/libs/superfish/hoverIntent.js?1484663125\"></script>\n<script type=\"text/javascript\" src=\"https://www.lieferello.de/out/lieferello/src/js/libs/superfish/supersubs.js?1484663126\"></script>\n<script type=\"text/javascript\" src=\"https://www.lieferello.de/out/lieferello/src/js/libs/superfish/superfish.js?1484663126\"></script>\n<script type=\"text/javascript\" src=\"https://www.lieferello.de/out/lieferello/src/js/libs/dynamicload.js?1484663128\"></script>\n<script type=\"text/javascript\" src=\"https://www.lieferello.de/modules/actindo/extendedmenu/out/src/js/menu.js\"></script>\n<script type=\"text/javascript\" src=\"https://www.lieferello.de/modules/actindo/cartpopup/out/src/js/fancybox/jquery.fancybox.pack.js\"></script>\n<script type=\"text/javascript\" src=\"https://www.lieferello.de/modules/actindo/cartpopup/out/src/js/listing.js\"></script>\n<script type=\"text/javascript\" src=\"https://www.lieferello.de/modules/actindo/elasticsearch/out/src/js/livesearch.js\"></script><ul class=\"ui-autocomplete ui-menu ui-widget ui-widget-content ui-corner-all\" id=\"ui-id-1\" tabindex=\"0\" style=\"z-index: 1; display: none;\"></ul>\n<script type=\"text/javascript\" src=\"https://www.lieferello.de/out/lieferello/src/js/widgets/oxinnerlabel.js?1484663119\"></script>\n<script type=\"text/javascript\">\n$( '#searchParam' ).oxInnerLabel();\n$('.oxfbenable').click( function() { oxFacebook.showFbWidgets('326171520820146','de_DE','http://www.lieferello.de/startseite/?fblogin=1','https://www.lieferello.de/index.php?cl=start&amp;fnc=logout&amp;redirect=1'); return false;});\n$('.oxfbinfo').oxModalPopup({ target: '#fbinfo',width: '490px'});\n\n</script>\n\n    \n\n    \n    <!--[if (gte IE 6)&(lte IE 8)]>\n        <script type=\"text/javascript\" src=\"https://www.lieferello.de/out/lieferello/src/js/libs/IE9.js\"></script>\n    <![endif]-->\n\n    <script>!function(d,s,id){var js,fjs=d.getElementsByTagName(s)[0];if(!d.getElementById(id)){js=d.createElement(s);js.id=id;js.src=\"//platform.twitter.com/widgets.js\";fjs.parentNode.insertBefore(js,fjs);}}(document,\"script\",\"twitter-wjs\");</script>\n    \n    <script type=\"text/javascript\" src=\"https://apis.google.com/js/plusone.js\" gapi_processed=\"true\">{lang: 'de'}</script>\n\n    <script>\n    \n        dataLayer = [{\n    \n                    'googleConversionActive':1,\n                    'googleCommerceActive':1,\n                    'gaActive':1    \n         }];\n    \n</script>\n\n<script>\n    dataLayer.push({\n        'pageCategory' : 'start',\n        'visitorExistingCustomer' : '0'\n    });\n</script>\n\n\n\n\n\n\n\n\n\n        <script>\n            dataLayer.push({\n          'google_tag_params': {\"ecomm_pagetype\":\"home\",\"ecomm_prodid\":\"\",\"ecomm_totalvalue\":\"\"}\n        });\n        </script>\n<!-- Google Tag Manager -->\n<noscript>&lt;iframe src=\"//www.googletagmanager.com/ns.html?id=GTM-NSJNKD\"\nheight=\"0\" width=\"0\" style=\"display:none;visibility:hidden\"&gt;&lt;/iframe&gt;</noscript>\n<script>(function(w,d,s,l,i){w[l]=w[l]||[];w[l].push({'gtm.start':\nnew Date().getTime(),event:'gtm.js'});var f=d.getElementsByTagName(s)[0],\nj=d.createElement(s),dl=l!='dataLayer'?'&l='+l:'';j.async=true;j.src=\n'//www.googletagmanager.com/gtm.js?id='+i+dl;f.parentNode.insertBefore(j,f);\n})(window,document,'script','dataLayer','GTM-NSJNKD');</script>\n<!-- End Google Tag Manager -->\n\n\n\n\n\n\n\n<script>\n    $(function(){\n       $( \"#dialog-message\" ).dialog({\n            modal: true,\n            autoOpen: false,\n            buttons: {\n              Ok: function() {\n                $( this ).dialog( \"close\" );\n              }\n            }\n        });\n        $('.box_article_modifier').click(function(e) {\n            e.preventDefault();\n            var elem = $(this).parent().find('.box_article_number_num');\n            var qty = parseInt(elem.val());\n            if(qty > 1) elem.val(qty-1);\n            if($(this).attr('cart')==1){\n                var form = $(this).closest('form').submit();\n            }\n        });\n        $('.box_article_modifier_plus').click(function(e) {\n            e.preventDefault();\n            el = $(e.currentTarget).parent();\n            var elem = el.find('.box_article_number_num');\n            var  max = el.find('input[type=hidden]');\n            var maxsize;\n            if(typeof max.val() === \"undefined\") maxsize = 10000; \n            else maxsize = max.val();\n            maxsize = parseInt(maxsize);\n            var qty = parseInt(elem.val());\n            if(qty < maxsize) elem.val(qty+1);\n            if($(this).attr('cart')==1){\n                var form = $(this).closest('form').submit();\n            }\n        });\n        $('.box_article_number_num').keyup(function(){\n            var  max = $(this).parent().find('input[type=hidden]');\n            if(typeof max.val() === \"undefined\") maxsize = 10000; \n            else maxsize = max.val();\n            var valnow = parseInt($(this).val());\n            maxsize = parseInt(maxsize);\n            if(valnow > maxsize){\n                $(\"#dialog-message\" ).dialog( \"open\" );\n                $(this).val(maxsize);\n            }\n        });\n        $('.gotoArticle').click(function(){\n            location.href = $(this).parent().parent().find('.box_article_headline a').attr('href');\n        });\n\n        $('.box_product, .box_categoryElement').css('cursor', 'pointer');\n        $('.box_product, .box_categoryElement').click(function(e) {\n            var tagName = e.target.tagName.toLowerCase();\n            switch(tagName) {\n                case 'a':\n                case 'input':\n                    break;\n                default:\n                    e.preventDefault();\n                    var link = $(this).find('a').first().attr('href');\n                    location.href = link;\n            }\n        });\n        \n        if(typeof bindListingCartPopup == 'function') {\n            bindListingCartPopup();\n        }\n        $(\"#back-top\").hide();\n        $(window).scroll(function () {\n            if ($(this).scrollTop() > 100) {\n                $('#back-top').fadeIn();\n            } else {\n                $('#back-top').fadeOut();\n            }\n        });\n        $('#back-top a').click(function () {\n            $('body,html').animate({\n                scrollTop: 0\n            }, 800);\n            return false;\n        });\n    });\n</script><div class=\"ui-dialog ui-widget ui-widget-content ui-corner-all ui-draggable ui-resizable ui-dialog-buttons\" tabindex=\"-1\" role=\"dialog\" aria-labelledby=\"ui-id-2\" style=\"display: none; outline: 0px; z-index: 1000; position: absolute;\"><div class=\"ui-dialog-titlebar ui-widget-header ui-corner-all ui-helper-clearfix\"><span id=\"ui-id-2\" class=\"ui-dialog-title\">Maximale Bestellmenge erreicht</span><a href=\"#\" class=\"ui-dialog-titlebar-close ui-corner-all\" role=\"button\" btattached=\"true\"><span class=\"ui-icon ui-icon-closethick\">close</span></a></div><div id=\"dialog-message\" class=\"item_hidden ui-dialog-content ui-widget-content\" style=\"display: block;\">\n            <p>\n              <span class=\"ui-icon ui-icon-info\" style=\"float: left; margin: 0 7px 50px 0;\"></span>\n              Die eingegebene Bestellmenge wurde auf die maximal verfügbare Anzahl reduziert.\n            </p>\n        </div><div class=\"ui-resizable-handle ui-resizable-n\" style=\"z-index: 1000;\"></div><div class=\"ui-resizable-handle ui-resizable-e\" style=\"z-index: 1000;\"></div><div class=\"ui-resizable-handle ui-resizable-s\" style=\"z-index: 1000;\"></div><div class=\"ui-resizable-handle ui-resizable-w\" style=\"z-index: 1000;\"></div><div class=\"ui-resizable-handle ui-resizable-se ui-icon ui-icon-gripsmall-diagonal-se ui-icon-grip-diagonal-se\" style=\"z-index: 1000;\"></div><div class=\"ui-resizable-handle ui-resizable-sw\" style=\"z-index: 1000;\"></div><div class=\"ui-resizable-handle ui-resizable-ne\" style=\"z-index: 1000;\"></div><div class=\"ui-resizable-handle ui-resizable-nw\" style=\"z-index: 1000;\"></div><div class=\"ui-dialog-buttonpane ui-widget-content ui-helper-clearfix\"><div class=\"ui-dialog-buttonset\"><button type=\"button\" class=\"ui-button ui-widget ui-state-default ui-corner-all ui-button-text-only\" role=\"button\" aria-disabled=\"false\"><span class=\"ui-button-text\">Ok</span></button></div></div></div>\n<script type=\"text/javascript\" id=\"\">!function(b,e,f,g,a,c,d){b.fbq||(a=b.fbq=function(){a.callMethod?a.callMethod.apply(a,arguments):a.queue.push(arguments)},b._fbq||(b._fbq=a),a.push=a,a.loaded=!0,a.version=\"2.0\",a.queue=[],c=e.createElement(f),c.async=!0,c.src=g,d=e.getElementsByTagName(f)[0],d.parentNode.insertBefore(c,d))}(window,document,\"script\",\"https://connect.facebook.net/en_US/fbevents.js\");fbq(\"init\",\"575166599311305\");fbq(\"track\",\"PageView\");</script>\n<noscript>&lt;img height=\"1\" width=\"1\" style=\"display:none\" src=\"https://www.facebook.com/tr?id=575166599311305&amp;amp;ev=PageView&amp;amp;noscript=1\"&gt;</noscript>\n<iframe id=\"rufous-sandbox\" scrolling=\"no\" frameborder=\"0\" allowtransparency=\"true\" allowfullscreen=\"true\" style=\"position: absolute; visibility: hidden; display: none; width: 0px; height: 0px; padding: 0px; border: none;\" title=\"Twitter analytics iframe\"></iframe><script id=\"PIN_1492906832782.f.callback[0]\" type=\"text/javascript\" charset=\"utf-8\" src=\"https://log.pinterest.com/?guid=5yM01oTTivUf&amp;tv=2017042001&amp;type=pidget&amp;sub=www&amp;button_count=0&amp;follow_count=0&amp;pin_count=0&amp;profile_count=0&amp;board_count=0&amp;lang=en&amp;via=https%3A%2F%2Fwww.lieferello.de%2F&amp;callback=PIN_1492906832782.f.callback[0]\"></script></body>"}
