{"link":"rossmann.de","html":"<!--<![endif]--><head> \n  <!--[if (IE 7)|(IE 8)|(IE 9)]>\n<script type=\"text/javascript\">\n    window.location = 'https://www.rossmann.de/einkaufsportal/wartungsseite/browser-support.html';\n</script>\n<![endif]--> \n  <meta charset=\"utf-8\"> \n  <meta http-equiv=\"X-UA-Compatible\" content=\"IE=Edge,chrome=IE7\"> \n  <meta name=\"title\" content=\"\"> \n  <meta name=\"description\" content=\"Das Beste aus den ROSSMANN Filialen und vieles mehr im Versand ✔ Regelmäßig Neuheiten ✔ Ständig über 300 Sonderangebote ✔ Jetzt direkt online bestellen!\"> \n  <meta name=\"keywords\" content=\"\"> \n  <meta name=\"robots\" content=\"index, follow\"> \n  <meta name=\"apple-mobile-web-app-capable\" content=\"yes\"> \n  <meta name=\"viewport\" content=\"width=device-width,initial-scale=1,minimum-scale=1\"> \n  <title>ROSSMANN Online-Shop - Drogerie Angebote &amp; mehr | rossmann.de</title> \n  <link rel=\"canonical\" href=\"https://www.rossmann.de/einkaufsportal.html\"> \n  <link rel=\"shortcut icon\" href=\"https://www.rossmann-cdn.de/resources/templating-kit/themes/einkaufsportal/img/icons/favicon.ico\" type=\"image/x-icon\"> \n  <link rel=\"icon\" href=\"https://www.rossmann-cdn.de/resources/templating-kit/themes/einkaufsportal/img/favicon.ico\" type=\"image/x-icon\"> \n  <link rel=\"apple-touch-icon-precomposed\" sizes=\"57x57\" href=\"https://www.rossmann-cdn.de/resources/templating-kit/themes/einkaufsportal/img/appicons/touch-icon-57-precomposed.png\"> \n  <link rel=\"apple-touch-icon-precomposed\" sizes=\"72x72\" href=\"https://www.rossmann-cdn.de/resources/templating-kit/themes/einkaufsportal/img/appicons/touch-icon-72-precomposed.png\"> \n  <link rel=\"apple-touch-icon\" sizes=\"76x76\" href=\"https://www.rossmann-cdn.de/resources/templating-kit/themes/einkaufsportal/img/appicons/touch-icon-76.png\"> \n  <link rel=\"apple-touch-icon-precomposed\" sizes=\"114x114\" href=\"https://www.rossmann-cdn.de/resources/templating-kit/themes/einkaufsportal/img/appicons/touch-icon-114-precomposed.png\"> \n  <link rel=\"apple-touch-icon\" sizes=\"120x120\" href=\"https://www.rossmann-cdn.de/resources/templating-kit/themes/einkaufsportal/img/appicons/touch-icon-120.png\"> \n  <link rel=\"apple-touch-icon-precomposed\" sizes=\"144x144\" href=\"https://www.rossmann-cdn.de/resources/templating-kit/themes/einkaufsportal/img/appicons/touch-icon-144-precomposed.png\"> \n  <link rel=\"apple-touch-icon\" sizes=\"152x152\" href=\"https://www.rossmann-cdn.de/resources/templating-kit/themes/einkaufsportal/img/appicons/touch-icon-152.png\"> \n  <meta name=\"application-name\" content=\"Rossmann\"> \n  <meta name=\"msapplication-TileImage\" content=\"https://www.rossmann-cdn.de/resources/templating-kit/themes/einkaufsportal/img/appicons/favicon-144.png\"> \n  <meta name=\"msapplication-TileColor\" content=\"#ffffff\"> \n  <meta name=\"msapplication-square70x70logo\" content=\"https://www.rossmann-cdn.de/resources/templating-kit/themes/einkaufsportal/img/appicons/tile-tiny.png\"> \n  <meta name=\"msapplication-square150x150logo\" content=\"https://www.rossmann-cdn.de/resources/templating-kit/themes/einkaufsportal/img/appicons/tile-square.png\"> \n  <meta name=\"msapplication-wide310x150logo\" content=\"https://www.rossmann-cdn.de/resources/templating-kit/themes/einkaufsportal/img/appicons/tile-wide.png\"> \n  <meta name=\"msapplication-square310x310logo\" content=\"https://www.rossmann-cdn.de/resources/templating-kit/themes/einkaufsportal/img/appicons/tile-large.png\"> \n  <meta name=\"google-site-verification\" content=\"fX6u3L5ddsJibUDBpNzOJIl6B1Ywk4yj-oHD3xdH49o\"> \n  <meta name=\"google-site-verification\" content=\"pycD9qrqoLZo5FCgbUvFirKwfKhBSm4e1t6ItugHJqU\"> \n  <meta property=\"og:title\" content=\"ROSSMANN Online-Shop - Drogerie Angebote &amp; mehr\"> \n  <meta property=\"og:description\" content=\"Das Beste aus den ROSSMANN Filialen ✔ und vieles mehr im Versand. Neuheiten ✔ und ständig über 300 Sonderangebote ✔ jetzt direkt online bestellen!\"> \n  <meta property=\"og:type\" content=\"website\"> \n  <meta property=\"og:site_name\" content=\"rossmann.de\"> \n  <meta property=\"og:url\" content=\"http://www.rossmann.de/einkaufsportal\"> \n  <meta property=\"og:locale\" content=\"de_DE\"> \n  <link rel=\"stylesheet\" type=\"text/css\" href=\"https://www.rossmann-cdn.de/resources/templating-kit/themes/einkaufsportal/1.51.0-2017.04.19.09.13/css/styles.css\" media=\"all\"> \n  <link rel=\"stylesheet\" type=\"text/css\" href=\"https://www.rossmann-cdn.de/resources/templating-kit/themes/einkaufsportal/1.51.0-2017.04.19.09.13/css/print-lightbox.css\" media=\"print-lightbox\"> \n  <script type=\"text/javascript\" async=\"\" src=\"https://analytics-static.ugc.bazaarvoice.com/prod/static/3/bv-analytics.js\"></script><script async=\"true\" type=\"text/javascript\" src=\"https://sslwidget.criteo.com/event?a=23938&amp;v=4.0.0&amp;p0=e%3Dexd%26site_type%3Dd&amp;p1=e%3Dvh&amp;p2=e%3Ddis&amp;adce=1\" data-owner=\"criteo-tag\"></script><script type=\"text/javascript\">\n    (function () {\n        var htmlTag = document.querySelector(\"html\");\n        var htmlCln = htmlTag.className;\n        htmlTag.className = htmlCln.replace('no-js', 'js');\n    })();\n</script> \n  <script type=\"application/ld+json\">\n{\"@context\":\"http://schema.org\",\"@type\":\"WebSite\",\"url\":\"https://www.rossmann.de/\",\"potentialAction\":{\"@type\":\"SearchAction\",\"target\":\"https://www.rossmann.de/einkaufsportal/suchergebnis.html?query={search_term_string}\",\"query-input\":\"required name=search_term_string\"}}\n</script> \n <iframe width=\"1\" height=\"1\" src=\"https://imagesrv.adition.com/banners/268/xml/utm/268/adv_m24014_51.html?advertiser_id=adv_m24014_51&amp;pagetype=Startseite&amp;checkout=&amp;conversion=&amp;conversion_orderid=&amp;conversion_total=&amp;conversion_quantity=&amp;conversion_success=&amp;category=&amp;subcategory1=&amp;subcategory2=&amp;subcategory3=&amp;subcategory4=&amp;subcategory5=&amp;productname=&amp;productid=&amp;channel=&amp;channel_keyword=&amp;customvar1=&amp;customvar2=Einkaufsportal&amp;customvar3=&amp;customvar4=&amp;customvar5=&amp;customvar6=&amp;referrer=&amp;cachebuster=1492850462945&amp;href=https%3A%2F%2Fwww.rossmann.de%2Feinkaufsportal\"></iframe><link media=\"all\" rel=\"stylesheet\" type=\"text/css\" href=\"https://display.ugc.bazaarvoice.com/static/rossmann-de/main_site/165/16671/de_DE/stylesheets/screen.css\"></head> \n <body data-js-module=\"router country-popup\" data-js-options=\"{&quot;country-popup&quot;:{&quot;countries&quot;:[ {&quot;country&quot;:[&quot;cn&quot;], &quot;type&quot;:&quot;ajax&quot;, &quot;url&quot;:&quot;https://www.rossmann.de/einkaufsportal/popups/popups/0.html&quot; ,&quot;startTime&quot;:1489359600000 } ]}}\" data-activemediaquery=\"bp-tablet-l\" style=\"margin-bottom: 60px;\">\n  <script type=\"text/javascript\">\n    window.emosTrackVersion = 2;\n    function econdaMarker(markername) {\n        var emospro={};\n        emospro.pageId = 'F915C988C2B04E90BEDFF022FAE62933';\n        emospro.siteid = 'www.rossmann.de';\n        emospro.marker = markername;\n        emospro.content = 'ROSSMANN Online-Shop';\n        if (typeof window.emosPropertiesEvent == 'function') {\n            window.emosPropertiesEvent(emospro);\n        }\n    }\n    function econdaSearch(term, count) {\n        var emospro = {};\n        emospro.pageId = 'F915C988C2B04E90BEDFF022FAE62933';\n        emospro.siteid = 'www.rossmann.de';\n        emospro.search = [[term, count]];\n        emospro.content = 'ROSSMANN Online-Shop';\n        if (typeof window.emosPropertiesEvent == 'function') {\n            window.emosPropertiesEvent(emospro);\n        }\n    }\n    function econdaView(id, name, price, group, brand) {\n        var emospro = {};\n        emospro.pageId = 'F915C988C2B04E90BEDFF022FAE62933';\n        emospro.siteid = 'www.rossmann.de';\n        emospro.content = 'ROSSMANN Online-Shop';\n        emospro.ec_Event = [{type: 'view', pid: id, name: name, price: price, group: group, count: 1, var1: brand, var2: 'NULL', var3: 'NULL'}];\n        if (typeof window.emosPropertiesEvent == 'function') {\n            window.emosPropertiesEvent(emospro);\n        }\n    }\n    function econdaAdd(id, name, count, price, group, brand) {\n        var emospro = {};\n        emospro.pageId = 'F915C988C2B04E90BEDFF022FAE62933';\n        emospro.siteid = 'www.rossmann.de';\n        emospro.content = 'AddToCart';\n        emospro.ec_Event = [{type: 'c_add', pid: id, name: name, price: price, group: group, count: count, var1: brand, var2: 'NULL', var3: 'NULL'}];\n        if (typeof window.emosPropertiesEvent == 'function') {\n            window.emosPropertiesEvent(emospro);\n        }\n    }\n    function econdaContentLabel(label) {\n        var emospro = {};\n        emospro.pageId = 'F915C988C2B04E90BEDFF022FAE62933';\n        emospro.siteid = 'www.rossmann.de';\n        emospro.content = label;\n        if (typeof window.emosPropertiesEvent == 'function') {\n            window.emosPropertiesEvent(emospro);\n        }\n    }\n    function econdaTargetting(group, name, value, rule) {\n        var emospro = {};\n        emospro.pageId = 'F915C988C2B04E90BEDFF022FAE62933';\n        emospro.siteid = 'www.rossmann.de';\n        emospro.content = 'ROSSMANN Online-Shop';\n        emospro.Target = [group, name, value, rule];\n        if (typeof window.emosPropertiesEvent == 'function') {\n            window.emosPropertiesEvent(emospro);\n        }\n    }\n</script> \n  <div class=\"b-mobile-nav\" data-css=\"b-mobile-nav\"> \n   <button class=\"mobile-nav__toggle\" data-js-atom=\"mobile-nav-toggle\"> <span class=\"mobile-nav__toggle-inner\">Menü</span> </button> \n   <div class=\"mobile-nav__overlay\"></div> \n  </div> \n  <header class=\"r-header\"> \n   <div class=\"r-header-top\"> \n    <div class=\"header-top__box\"> \n     <div class=\"b-page-services\"> \n      <div class=\"page-services__main\"> \n        \n        \n        \n      </div> \n      <div class=\"b-shopping-cart\" data-js-module=\"slideout shopping-cart\" data-js-options=\"{&quot;slideout&quot;: {&quot;activemediaquery&quot;: &quot;desktop&quot;,&quot;isClickable&quot;: false, &quot;bindInternalEvents&quot;: false, &quot;bindExternalEvents&quot;: true},&quot;shopping-cart&quot; : {&quot;activemediaquery&quot;: &quot;desktop&quot;, &quot;cartUrl&quot;: &quot;https://einkaufsportal.rossmann.de/api/Cart&quot;, &quot;cartMethod&quot;: &quot;get&quot;, &quot;removeItemUrl&quot;: &quot;https://einkaufsportal.rossmann.de/api/Cart&quot;, &quot;removeItemMethod&quot;: &quot;delete&quot;, &quot;productItemUrl&quot;: &quot;/produkte/&quot;, &quot;emptyCartText&quot;: &quot;Ihr Warenkorb ist leider noch leer.&quot;}}\"> \n       <a class=\"shopping-cart__opener\" data-js-atom=\"opener\" title=\"zum Warenkorb\" href=\"https://einkaufsportal.rossmann.de/DesktopModules/WebShop/shopaddtocart.aspx\"> \n        <svg width=\"52\" height=\"52\"> \n         <circle r=\"22\" cx=\"26\" cy=\"25\"></circle> \n        </svg> <span class=\"shopping-cart__opener-icon\"></span> <span class=\"shopping-cart__items-counter\"></span> zum Warenkorb </a> \n       <div class=\"shopping-cart__flyout is-empty\" data-js-atom=\"panel\"> \n        <div class=\"shopping-cart__flyout-box\"> \n         <div class=\"c-loader\" data-css=\"c-loader\">\n          <span>lade...</span>\n         </div> \n         <div class=\"shopping-cart__error-message\"> \n          <span class=\"shopping-cart__error-message-headline\">Es ist ein Fehler aufgetreten.</span> \n          <span class=\"shopping-cart__error-message-text\">Bitte versuchen Sie es erneut.</span> \n         </div> \n         <div class=\"shopping-cart__flyout-content\" data-js-atom=\"flyout-content\"> \n          <h5 class=\"shopping-cart__headline\">Mein Warenkorb</h5> \n          <div class=\"shopping-cart__items-wrapper\"> \n           <ul class=\"shopping-cart__items-list\"> \n           </ul> \n          </div> \n          <div class=\"shopping-cart__cart-summary\"> \n           <div class=\"shopping-cart__price-info\"> \n            <div class=\"shopping-cart__price-text\"> \n             <span class=\"shopping-cart__cart-amount-headline\">Warenbetrag</span> \n             <span class=\"shopping-cart__price-addon\"> Preis inkl. gesetzl. MwSt. <a href=\"https://www.rossmann.de/einkaufsportal/produktdetails/versandinformation.html\" target=\"_blank\">zzgl. Versand</a> </span> \n            </div> \n            <div class=\"shopping-cart__total-price-wrapper\"> \n             <div class=\"c-product-price--shopping-cart-total-price\" data-css=\"c-product-price\"> \n              <div class=\"product-price__current\"> \n               <span class=\"product-price__current-entity\"></span> \n               <span class=\"product-price__current-partial\"></span> \n               <span class=\"product-price__current-currency\"></span> \n              </div> \n             </div> \n            </div> \n           </div> \n          </div> \n          <a href=\"https://einkaufsportal.rossmann.de/DesktopModules/WebShop/shopaddtocart.aspx\" class=\"shopping-cart__button\" data-js-atom=\"btn partner-pixel-link\">zum Warenkorb</a> \n         </div> \n         <div class=\"shopping-cart__flyout-content is-active\" data-js-atom=\"empty-flyout-content\"> \n          <span class=\"shopping-cart__is-empty-text\">Ihr Warenkorb ist leider noch leer.</span> \n         </div> \n        </div> \n       </div> \n      </div> \n     </div> \n    </div> \n   </div> \n   <div class=\"r-header-bottom\"> \n    <div class=\"r-header-bottom-left\"> \n     <div class=\"b-logo\" data-css=\"b-logo\"> \n      <div class=\"logo__box\">\n       <a class=\"logo__link\" href=\"https://www.rossmann.de/einkaufsportal/\" title=\"Zur Startseite\"></a> \n      </div> \n     </div> \n    </div> \n    <div class=\"r-header-bottom-right\"> \n     <div class=\"b-global-search\" id=\"global-search\" data-js-module=\"global-search\" data-js-options=\"{ &quot;ajaxDefault&quot;: &quot;https://www.rossmann.de/searchSuggest.html?vp=DESKTOP&quot;,  &quot;ajaxMobile&quot;: &quot;https://www.rossmann.de/searchSuggest.html?vp=MOBILE&quot;  }\"> \n      <button class=\"global-search__opener\" data-js-atom=\"opener\" type=\"button\" aria-controls=\"uuid12345\" aria-expanded=\"false\">Suche</button> \n      <div class=\"global-search__box\" data-js-atom=\"search-panel\" aria-hidden=\"false\"> \n       <div class=\"global-search__box-inner\"> \n        <h2 class=\"global-search__headline\">Suche</h2> \n        <form class=\"c-form--global-search\" id=\"uuid12345\" data-css=\"c-form\" novalidate=\"\" action=\"https://www.rossmann.de/einkaufsportal/suchergebnis.html\" method=\"GET\"> \n         <div class=\"form__box is-size-xl\"> \n          <div class=\"form__field is-search\"> \n           <!-- types: input --> \n           <label id=\"label-form-ref-756\" for=\"form-ref-756\">Suchen Sie hier nach Produkten, Artikeln und Themen</label> \n           <input id=\"form-ref-756\" aria-labelledby=\"label-form-ref-756\" aria-label=\"Suchen Sie hier nach Produkten, Artikeln und Themen\" type=\"search\" name=\"query\" placeholder=\"Das Beste aus unseren Filialen. Und mehr ...\" autocomplete=\"off\"> \n           <span class=\"form__field-icon-search\" data-js-atom=\"icon-search\"></span> \n          </div> \n         </div> \n         <button class=\"global-search__delete is-hidden\" type=\"reset\" data-js-atom=\"reset\" title=\"Eingabe löschen\"> <span class=\"is-hidden-text\"> Eingabe löschen </span> </button> \n        </form> \n       </div> \n      </div> \n      <div class=\"c-suggest  is-hidden\" data-css=\"c-suggest\" data-js-atom=\"suggest\" aria-hidden=\"true\"> \n       <div class=\"suggest__box\" data-js-atom=\"ajax-result\"> \n        <div class=\"suggest__box-inner\" aria-live=\"polite\"> \n        </div> \n       </div> \n      </div> \n     </div> \n    </div> \n   </div> \n  </header> \n  <nav class=\"r-nav-main\" id=\"nav-main\"> \n   <div class=\"nav-main__box\"> \n    <nav class=\"b-global-nav\" data-js-module=\"mobile-nav accordion nav-flyout\" role=\"navigation\" data-js-options=\"{&quot;mobile-nav&quot;: {&quot;activemediaquery&quot;: &quot;mobile, tablet&quot;}, &quot;accordion&quot;: {&quot;activemediaquery&quot;: &quot;mobile, tablet&quot;}, &quot;nav-flyout&quot;: {&quot;activemediaquery&quot;: &quot;desktop&quot;}}\" aria-label=\"Hauptnavigation\"> \n     <ul class=\"b-page-services__list\"> \n        <li class=\"page-services__item\"> \n         <div class=\"b-location-finder\" data-js-module=\"slideout\" data-js-options=\"{&quot;activemediaquery&quot;:&quot;desktop&quot;}\"> \n          <a class=\"location-finder__opener\" data-js-atom=\"opener\" href=\"https://www.rossmann.de/einkaufsportal/service-hilfe/filialsuche.html\" title=\"Filiale finden\">Filiale finden</a> \n          <div class=\"location-finder__flyout\" data-js-atom=\"panel\" data-js-module=\"manipulate-link\" data-js-options=\"{&quot;activemediaquery&quot;:&quot;desktop&quot;}\"> \n           <div class=\"location-finder__flyout-box\" data-js-module=\"store-finder-header\"> \n            <form class=\"c-form--location-finder\" data-css=\"c-form\" novalidate=\"\" action=\"https://www.rossmann.de/einkaufsportal/service-hilfe/filialsuche.html\" method=\"get\"> \n             <div class=\"form__box is-size-xl\"> \n              <div class=\"form__field is-search\"> \n               <label for=\"header-store-finder-select-64489d71\">Bitte wählen</label> \n               <input autocomplete=\"off\" id=\"header-store-finder-input-64489d71\" type=\"search\" name=\"place\" data-autocomplete=\"{ &quot;url&quot;: &quot;https://www.rossmann.de/storefinder/autosuggest.json?location=&quot;, &quot;digits&quot;: &quot;3&quot;}\" placeholder=\"Postleitzahl / Ort\" data-js-atom=\"input\"> \n               <span class=\"form__field-icon-search\" data-js-atom=\"icon-search\"></span> \n               <select disabled=\"disabled\" id=\"header-store-finder-select-64489d71\" name=\"place-dropdown\" data-js-module=\"dropdown\" data-js-options=\"{&quot;dropdown&quot;: {&quot;activemediaquery&quot;: &quot;desktop&quot;, &quot;trackBazaarVoice&quot;: true}}\" class=\"ui-replaced\" style=\"\"> <option disabled=\"disabled\" selected=\"selected\" value=\"\">Bitte wählen</option> </select> \n              </div> \n             </div> \n            </form> \n            <a class=\"location-finder__link\" href=\"https://www.rossmann.de/einkaufsportal/service-hilfe/filialsuche.html\" data-js-atom=\"link bv-track-click\" title=\"Filiale finden\" data-bv-click-track=\"{&quot;type&quot;:&quot;StoreLocatorLink&quot;, &quot;label&quot;:&quot;???ui.header.storefinder.tracking.header.link???&quot;, &quot;value&quot;:&quot;static&quot;}\">Filiale finden</a> \n           </div> \n          </div> \n         </div> </li> \n        <li class=\"page-services__item\"> \n         <div class=\"b-my-account\" data-js-module=\"slideout login\" data-js-options=\"{&quot;slideout&quot;:{&quot;activemediaquery&quot;:&quot;desktop&quot;},&quot;login&quot;:{&quot;loginUrl&quot;:&quot;https://einkaufsportal.rossmann.de/api/Login&quot;,&quot;loginMethod&quot;:&quot;GET&quot;,&quot;logoutUrl&quot;:&quot;https://einkaufsportal.rossmann.de/api/Login&quot;,&quot;logoutMethod&quot;:&quot;DELETE&quot;,\n         &quot;targetUrl&quot;:{&quot;serverError&quot;:&quot;https://www.rossmann.de/einkaufsportal/mein-konto/login~error=server~.html&quot;,&quot;userError&quot;:&quot;https://www.rossmann.de/einkaufsportal/mein-konto/login~error=user~.html&quot;}}}\"> \n          <a class=\"my-account__opener\" data-js-atom=\"opener partner-pixel-link\" href=\"https://www.rossmann.de/einkaufsportal/mein-konto/login.html\" title=\"Anmelden\">Anmelden</a> \n          <a class=\"my-account__opener is-logged\" data-js-atom=\"opener partner-pixel-link\" href=\"https://einkaufsportal.rossmann.de/DesktopModules/WebShop/shopcustadmin.aspx\" title=\"Mein Konto\">Mein Konto</a> \n          <div class=\"my-account__flyout\" data-js-atom=\"panel\"> \n           <div class=\"my-account__flyout-box\"> \n            <form class=\"c-form--my-account\" data-css=\"c-form\" novalidate=\"\" action=\"https://einkaufsportal.rossmann.de/api/Login\" method=\"POST\" data-js-module=\"form-validation form-control\"> \n             <div class=\"form__row\"> \n              <div class=\"form__box is-size-xl\"> \n               <div class=\"form__field is-text\"> \n                <!-- types: input --> \n                <label for=\"username\">E-Mail <abbr title=\"Pflichtfeld\">*</abbr></label> \n                <input id=\"username\" type=\"text\" name=\"username\" required=\"required\"> \n                <div class=\"form__error-box is-prefilled\" hidden=\"hidden\"> \n                 <p class=\"error-box-text valueMissing\">Bitte geben Sie Ihre E-Mail-Adresse an</p> \n                </div> \n               </div> \n              </div> \n             </div> \n             <div class=\"form__row\"> \n              <div class=\"form__box is-size-xl\"> \n               <div class=\"form__field is-password\"> \n                <!-- types: input --> \n                <label for=\"password\">Passwort <abbr title=\"Pflichtfeld\">*</abbr></label> \n                <input id=\"password\" type=\"password\" name=\"password\" required=\"required\" pattern=\".{8,}\" autocomplete=\"off\"> \n                <div class=\"form__error-box is-prefilled\" hidden=\"hidden\"> \n                 <p class=\"error-box-text valueMissing\">Bitte geben Sie Ihr Passwort an</p> \n                 <p class=\"error-box-text patternMismatch\">Passwort zu kurz, muss mindestens 8 Zeichen enthalten</p> \n                </div> \n                <div class=\"form__addon\">\n                 <a href=\"https://einkaufsportal.rossmann.de/DesktopModules/WebShop/shopmailpwd.aspx\" title=\"\">Passwort vergessen?</a> \n                </div> \n               </div> \n              </div> \n             </div> \n             <div class=\"form__footer\"> \n              <button class=\"form__btn-submit\" type=\"submit\">anmelden</button> \n             </div> \n            </form> \n            <ul class=\"my-account__linklist\"> \n             <li class=\"my-account__linklist-item\"> <a class=\"my-account__linklist-link\" data-js-atom=\"partner-pixel-link\" href=\"https://einkaufsportal.rossmann.de/DesktopModules/WebShop/shopcustadmin.aspx\">Mein Konto</a> </li> \n             <li class=\"my-account__linklist-item\"> <a class=\"my-account__linklist-link\" data-js-atom=\"partner-pixel-link\" href=\"https://einkaufsportal.rossmann.de/DesktopModules/WebShop/shopstatus.aspx\">Meine Bestellungen</a> </li> \n             <li class=\"my-account__linklist-item\"> <a class=\"my-account__linklist-link\" data-js-atom=\"partner-pixel-link\" href=\"https://einkaufsportal.rossmann.de/DesktopModules/WebShop/shopcustupdate.aspx\">Meine Benutzerdaten</a> </li> \n             <li class=\"my-account__linklist-item\"> <a class=\"my-account__linklist-link\" data-js-atom=\"partner-pixel-link\" href=\"https://einkaufsportal.rossmann.de/DesktopModules/WebShop/shopcusttrackorder.aspx\">Sendungsverfolgung</a> </li> \n             <li class=\"my-account__linklist-item\"> <a class=\"my-account__linklist-link\" data-js-atom=\"partner-pixel-link\" href=\"https://www.rossmann.de/einkaufsportal/service-hilfe/faq.html\">Hilfe &amp; FAQ</a> </li> \n            </ul> \n            <div class=\"my-account__box\"> \n             <p class=\"my-account__text\">Sie sind Neukunde?</p> \n             <a class=\"my-account__link\" href=\"https://einkaufsportal.rossmann.de/DesktopModules/WebShop/shopcustregister.aspx\" title=\"jetzt registrieren\">jetzt registrieren</a> \n             <a href=\"#\" title=\"abmelden\" class=\"my-account__link is-logout\">abmelden</a> \n            </div> \n           </div> \n           <div class=\"c-loader\" data-css=\"c-loader\">\n            <span>lade...</span>\n           </div> \n          </div> \n         </div> </li> \n       </ul><ul class=\"nav__list\"> \n      <li class=\"nav__list-item\" data-deferred-content=\"{&quot;url&quot;: &quot;https://www.rossmann.de/einkaufsportal/hauptnavigation/navigation/menu/0.html&quot;}\"> <a class=\"nav__list-link\" href=\"https://www.rossmann.de/einkaufsportal/schoenheit.html\" data-js-atom=\"trigger\">Schönheit</a> \n       <div class=\"nav__menu\" data-js-atom=\"panel\" style=\"height: 0px;\"> \n        <div class=\"nav__menu-inner\"> \n         <div class=\"nav__menu-box-group is-size-2\"> \n          <div class=\"nav__menu-overview\"> \n           <a class=\"nav__menu-overview-link\" href=\"https://www.rossmann.de/einkaufsportal/schoenheit.html\"> <span class=\"nav__menu-overview-desktop\">Schönheit</span> <span class=\"nav__menu-overview-mobile\">Schönheit</span> </a> \n          </div> \n          <div class=\"nav__menu-box-wrapper\"> \n           <div class=\"nav__menu-box\"> \n            <ul class=\"nav__menu-item-list\"> \n             <li class=\"nav__menu-item\"> <a class=\"nav__menu-link\" href=\"https://www.rossmann.de/einkaufsportal/schoenheit/koerperpflege-reinigung.html\" title=\"Körperpflege &amp; -reinigung\">Körperpflege &amp; -reinigung</a> </li> \n             <li class=\"nav__menu-item\"> <a class=\"nav__menu-link\" href=\"https://www.rossmann.de/einkaufsportal/schoenheit/gesichtspflege-reinigung.html\" title=\"Gesichtspflege &amp; -reinigung\">Gesichtspflege &amp; -reinigung</a> </li> \n             <li class=\"nav__menu-item\"> <a class=\"nav__menu-link\" href=\"https://www.rossmann.de/einkaufsportal/schoenheit/haarpflege-styling.html\" title=\"Haarpflege &amp; -styling\">Haarpflege &amp; -styling</a> </li> \n             <li class=\"nav__menu-item\"> <a class=\"nav__menu-link\" href=\"https://www.rossmann.de/einkaufsportal/schoenheit/mund-zahnpflege.html\" title=\"Mund- &amp; Zahnpflege\">Mund- &amp; Zahnpflege</a> </li> \n             <li class=\"nav__menu-item\"> <a class=\"nav__menu-link\" href=\"https://www.rossmann.de/einkaufsportal/schoenheit/make-up.html\" title=\"Make-up\">Make-up</a> </li> \n             <li class=\"nav__menu-item\"> <a class=\"nav__menu-link\" href=\"https://www.rossmann.de/einkaufsportal/schoenheit/duefte-parfuem.html\" title=\"Düfte &amp; Parfüm\">Düfte &amp; Parfüm</a> </li> \n            </ul> \n           </div> \n           <div class=\"nav__menu-box\"> \n            <ul class=\"nav__menu-item-list\"> \n             <li class=\"nav__menu-item\"> <a class=\"nav__menu-link\" href=\"https://www.rossmann.de/einkaufsportal/schoenheit/rasur-haarentfernung.html\" title=\"Rasur &amp; Haarentfernung\">Rasur &amp; Haarentfernung</a> </li> \n             <li class=\"nav__menu-item\"> <a class=\"nav__menu-link\" href=\"https://www.rossmann.de/einkaufsportal/schoenheit/hygiene-intimpflege.html\" title=\"Hygiene &amp; Intimpflege\">Hygiene &amp; Intimpflege</a> </li> \n             <li class=\"nav__menu-item\"> <a class=\"nav__menu-link\" href=\"https://www.rossmann.de/einkaufsportal/schoenheit/sonnenschutz-pflege.html\" title=\"Sonnenschutz &amp; -pflege\">Sonnenschutz &amp; -pflege</a> </li> \n             <li class=\"nav__menu-item\"> <a class=\"nav__menu-link\" href=\"https://www.rossmann.de/einkaufsportal/schoenheit/geschenksets.html\" title=\"Geschenksets\">Geschenksets</a> </li> \n             <li class=\"nav__menu-item\"> <a class=\"nav__menu-link\" href=\"https://www.rossmann.de/einkaufsportal/schoenheit/schmuck.html\" title=\"Schmuck\">Schmuck</a> </li> \n            </ul> \n           </div> \n          </div> \n         </div> \n         <div class=\"nav__menu-box-group is-size-2 is-teaser-box\"> \n          <div class=\"nav__menu-overview\"> \n           <span class=\"nav__menu-overview-desktop\"></span> \n           <span class=\"nav__menu-overview-mobile\"></span> \n          </div> \n          <div class=\"nav__menu-box-wrapper\"> \n           <div class=\"nav__menu-box\"> \n            <div class=\"nav__teaser-placeholder\"></div> \n           </div> \n          </div> \n         </div> \n        </div> \n       </div> </li> \n      <li class=\"nav__list-item\" data-deferred-content=\"{&quot;url&quot;: &quot;https://www.rossmann.de/einkaufsportal/hauptnavigation/navigation/menu/00.html&quot;}\"> <a class=\"nav__list-link\" href=\"https://www.rossmann.de/einkaufsportal/baby-kind.html\" data-js-atom=\"trigger\">Baby &amp; Kind</a> \n       <div class=\"nav__menu\" data-js-atom=\"panel\" style=\"height: 0px;\"> \n        <div class=\"nav__menu-inner\"> \n         <div class=\"nav__menu-box-group is-size-2\"> \n          <div class=\"nav__menu-overview\"> \n           <a class=\"nav__menu-overview-link\" href=\"https://www.rossmann.de/einkaufsportal/baby-kind.html\"> <span class=\"nav__menu-overview-desktop\">Baby &amp; Kind</span> <span class=\"nav__menu-overview-mobile\">Baby &amp; Kind</span> </a> \n          </div> \n          <div class=\"nav__menu-box-wrapper\"> \n           <div class=\"nav__menu-box\"> \n            <ul class=\"nav__menu-item-list\"> \n             <li class=\"nav__menu-item\"> <a class=\"nav__menu-link\" href=\"https://www.rossmann.de/einkaufsportal/baby-kind/babynahrung.html\" title=\"Babynahrung\">Babynahrung</a> </li> \n             <li class=\"nav__menu-item\"> <a class=\"nav__menu-link\" href=\"https://www.rossmann.de/einkaufsportal/baby-kind/babypflege.html\" title=\"Babypflege\">Babypflege</a> </li> \n             <li class=\"nav__menu-item\"> <a class=\"nav__menu-link\" href=\"https://www.rossmann.de/einkaufsportal/baby-kind/windeln-wickeln.html\" title=\"Windeln &amp; Wickeln\">Windeln &amp; Wickeln</a> </li> \n             <li class=\"nav__menu-item\"> <a class=\"nav__menu-link\" href=\"https://www.rossmann.de/einkaufsportal/baby-kind/flaschen-schnuller.html\" title=\"Flaschen &amp; Schnuller\">Flaschen &amp; Schnuller</a> </li> \n             <li class=\"nav__menu-item\"> <a class=\"nav__menu-link\" href=\"https://www.rossmann.de/einkaufsportal/baby-kind/mamas-wohlbefinden.html\" title=\"Mamas Wohlbefinden\">Mamas Wohlbefinden</a> </li> \n             <li class=\"nav__menu-item\"> <a class=\"nav__menu-link\" href=\"https://www.rossmann.de/einkaufsportal/baby-kind/grundausstattung-accessoires.html\" title=\"Grundausstattung &amp; Accessoires\">Grundausstattung &amp; Accessoires</a> </li> \n            </ul> \n           </div> \n           <div class=\"nav__menu-box\"> \n            <ul class=\"nav__menu-item-list\"> \n             <li class=\"nav__menu-item\"> <a class=\"nav__menu-link\" href=\"https://www.rossmann.de/einkaufsportal/baby-kind/wohnen-mit-kind.html\" title=\"Wohnen mit Kind\">Wohnen mit Kind</a> </li> \n             <li class=\"nav__menu-item\"> <a class=\"nav__menu-link\" href=\"https://www.rossmann.de/einkaufsportal/baby-kind/mobil-mit-kind.html\" title=\"Mobil mit Kind\">Mobil mit Kind</a> </li> \n             <li class=\"nav__menu-item\"> <a class=\"nav__menu-link\" href=\"https://www.rossmann.de/einkaufsportal/baby-kind/spielzeug.html\" title=\"Spielzeug\">Spielzeug</a> </li> \n             <li class=\"nav__menu-item\"> <a class=\"nav__menu-link\" href=\"https://www.rossmann.de/einkaufsportal/baby-kind/textilien.html\" title=\"Textilien\">Textilien</a> </li> \n             <li class=\"nav__menu-item\"> <a class=\"nav__menu-link\" href=\"https://www.rossmann.de/einkaufsportal/baby-kind/babywelt/vorteile-babywelt-entdecken.html\" title=\"Alle Vorteile: babywelt Club\">Alle Vorteile: babywelt Club</a> </li> \n             <li class=\"nav__menu-item\"> <a class=\"nav__menu-link\" href=\"https://einkaufsportal.rossmann.de/DesktopModules/WebShop/shopcustregister.aspx?babywelt=1\" title=\"Anmeldung babywelt Club\" target=\"_blank\">Anmeldung babywelt Club</a> </li> \n            </ul> \n           </div> \n          </div> \n         </div> \n         <div class=\"nav__menu-box-group is-size-2 is-teaser-box\"> \n          <div class=\"nav__menu-overview\"> \n           <a class=\"nav__menu-overview-link\" href=\"https://www.rossmann.de/einkaufsportal/baby-kind/babywelt/ratgeber-schwangerschaft/wie-wird-man-schwanger.html\"> <span class=\"nav__menu-overview-desktop\"></span> <span class=\"nav__menu-overview-mobile\"></span> </a> \n          </div> \n          <div class=\"nav__menu-box-wrapper\"> \n           <div class=\"nav__menu-box\"> \n            <div class=\"nav__teaser-placeholder\"></div> \n           </div> \n          </div> \n         </div> \n        </div> \n       </div> </li> \n      <li class=\"nav__list-item\" data-deferred-content=\"{&quot;url&quot;: &quot;https://www.rossmann.de/einkaufsportal/hauptnavigation/navigation/menu/01.html&quot;}\"> <a class=\"nav__list-link\" href=\"https://www.rossmann.de/einkaufsportal/haushalt.html\" data-js-atom=\"trigger\"> Haushalt</a> \n       <div class=\"nav__menu\" data-js-atom=\"panel\" style=\"height: 0px;\"> \n        <div class=\"nav__menu-inner\"> \n         <div class=\"nav__menu-box-group is-size-2\"> \n          <div class=\"nav__menu-overview\"> \n           <a class=\"nav__menu-overview-link\" href=\"https://www.rossmann.de/einkaufsportal/haushalt.html\"> <span class=\"nav__menu-overview-desktop\"> Haushalt</span> <span class=\"nav__menu-overview-mobile\"> Haushalt</span> </a> \n          </div> \n          <div class=\"nav__menu-box-wrapper\"> \n           <div class=\"nav__menu-box\"> \n            <ul class=\"nav__menu-item-list\"> \n             <li class=\"nav__menu-item\"> <a class=\"nav__menu-link\" href=\"https://www.rossmann.de/einkaufsportal/haushalt/putzen-reinigen.html\" title=\"Putzen &amp; Reinigen\">Putzen &amp; Reinigen</a> </li> \n             <li class=\"nav__menu-item\"> <a class=\"nav__menu-link\" href=\"https://www.rossmann.de/einkaufsportal/haushalt/waschen-buegeln.html\" title=\"Waschen &amp; Bügeln\">Waschen &amp; Bügeln</a> </li> \n             <li class=\"nav__menu-item\"> <a class=\"nav__menu-link\" href=\"https://www.rossmann.de/einkaufsportal/haushalt/geschirrreinigung.html\" title=\"Geschirrreinigung\">Geschirrreinigung</a> </li> \n             <li class=\"nav__menu-item\"> <a class=\"nav__menu-link\" href=\"https://www.rossmann.de/einkaufsportal/haushalt/haushaltswaren-helfer.html\" title=\"Haushaltswaren &amp; -helfer\">Haushaltswaren &amp; -helfer</a> </li> \n             <li class=\"nav__menu-item\"> <a class=\"nav__menu-link\" href=\"https://www.rossmann.de/einkaufsportal/haushalt/papier-filter-folien.html\" title=\"Papier, Filter &amp; Folien\">Papier, Filter &amp; Folien</a> </li> \n             <li class=\"nav__menu-item\"> <a class=\"nav__menu-link\" href=\"https://www.rossmann.de/einkaufsportal/haushalt/kuechengeraete-helfer.html\" title=\"Küchengeräte &amp; -helfer\">Küchengeräte &amp; -helfer</a> </li> \n            </ul> \n           </div> \n           <div class=\"nav__menu-box\"> \n            <ul class=\"nav__menu-item-list\"> \n             <li class=\"nav__menu-item\"> <a class=\"nav__menu-link\" href=\"https://www.rossmann.de/einkaufsportal/haushalt/naehmaschinen-handarbeitszubehoer.html\" title=\"Nähmaschinen &amp; Handarbeitszubehör\">Nähmaschinen &amp; Handarbeitszubehör</a> </li> \n             <li class=\"nav__menu-item\"> <a class=\"nav__menu-link\" href=\"https://www.rossmann.de/einkaufsportal/haushalt/luftbetten.html\" title=\"Luftbetten\">Luftbetten</a> </li> \n            </ul> \n           </div> \n          </div> \n         </div> \n         <div class=\"nav__menu-box-group is-size-2 is-teaser-box\"> \n          <div class=\"nav__menu-overview\"> \n           <span class=\"nav__menu-overview-desktop\"></span> \n           <span class=\"nav__menu-overview-mobile\"></span> \n          </div> \n          <div class=\"nav__menu-box-wrapper\"> \n           <div class=\"nav__menu-box\"> \n            <div class=\"nav__teaser-placeholder\"></div> \n           </div> \n          </div> \n         </div> \n        </div> \n       </div> </li> \n      <li class=\"nav__list-item\" data-deferred-content=\"{&quot;url&quot;: &quot;https://www.rossmann.de/einkaufsportal/hauptnavigation/navigation/menu/02.html&quot;}\"> <a class=\"nav__list-link\" href=\"https://www.rossmann.de/einkaufsportal/tier.html\" data-js-atom=\"trigger\">Tier</a> \n       <div class=\"nav__menu\" data-js-atom=\"panel\" style=\"height: 0px;\"> \n        <div class=\"nav__menu-inner\"> \n         <div class=\"nav__menu-box-group is-size-1\"> \n          <div class=\"nav__menu-overview\"> \n           <a class=\"nav__menu-overview-link\" href=\"https://www.rossmann.de/einkaufsportal/tier.html\"> <span class=\"nav__menu-overview-desktop\">Tier</span> <span class=\"nav__menu-overview-mobile\">Tier</span> </a> \n          </div> \n          <div class=\"nav__menu-box-wrapper\"> \n           <div class=\"nav__menu-box\"> \n            <ul class=\"nav__menu-item-list\"> \n             <li class=\"nav__menu-item\"> <a class=\"nav__menu-link\" href=\"https://www.rossmann.de/einkaufsportal/tier/hund.html\" title=\"Hund\">Hund</a> </li> \n             <li class=\"nav__menu-item\"> <a class=\"nav__menu-link\" href=\"https://www.rossmann.de/einkaufsportal/tier/katze.html\" title=\"Katze\">Katze</a> </li> \n             <li class=\"nav__menu-item\"> <a class=\"nav__menu-link\" href=\"https://www.rossmann.de/einkaufsportal/tier/nager.html\" title=\"Nager\">Nager</a> </li> \n             <li class=\"nav__menu-item\"> <a class=\"nav__menu-link\" href=\"https://www.rossmann.de/einkaufsportal/tier/vogel.html\" title=\"Vogel\">Vogel</a> </li> \n            </ul> \n           </div> \n          </div> \n         </div> \n         <div class=\"nav__menu-box-group is-size-3 is-teaser-box\"> \n          <div class=\"nav__menu-overview\"> \n           <span class=\"nav__menu-overview-desktop\"></span> \n           <span class=\"nav__menu-overview-mobile\"></span> \n          </div> \n          <div class=\"nav__menu-box-wrapper\"> \n           <div class=\"nav__menu-box\"> \n            <div class=\"nav__teaser-placeholder\"></div> \n           </div> \n          </div> \n         </div> \n        </div> \n       </div> </li> \n      <li class=\"nav__list-item\" data-deferred-content=\"{&quot;url&quot;: &quot;https://www.rossmann.de/einkaufsportal/hauptnavigation/navigation/menu/03.html&quot;}\"> <a class=\"nav__list-link\" href=\"https://www.rossmann.de/einkaufsportal/gesundheit.html\" data-js-atom=\"trigger\">Gesundheit</a> \n       <div class=\"nav__menu\" data-js-atom=\"panel\" style=\"height: 0px;\"> \n        <div class=\"nav__menu-inner\"> \n         <div class=\"nav__menu-box-group is-size-1\"> \n          <div class=\"nav__menu-overview\"> \n           <a class=\"nav__menu-overview-link\" href=\"https://www.rossmann.de/einkaufsportal/gesundheit.html\"> <span class=\"nav__menu-overview-desktop\"> Gesundheit</span> <span class=\"nav__menu-overview-mobile\"> Gesundheit</span> </a> \n          </div> \n          <div class=\"nav__menu-box-wrapper\"> \n           <div class=\"nav__menu-box\"> \n            <ul class=\"nav__menu-item-list\"> \n             <li class=\"nav__menu-item\"> <a class=\"nav__menu-link\" href=\"https://www.rossmann.de/einkaufsportal/gesundheit/hausapotheke.html\" title=\"Hausapotheke\">Hausapotheke</a> </li> \n             <li class=\"nav__menu-item\"> <a class=\"nav__menu-link\" href=\"https://www.rossmann.de/einkaufsportal/gesundheit/diaet-sportlernahrung.html\" title=\"Diät &amp; Sportlernahrung\">Diät &amp; Sportlernahrung</a> </li> \n             <li class=\"nav__menu-item\"> <a class=\"nav__menu-link\" href=\"https://www.rossmann.de/einkaufsportal/gesundheit/erotik-verhuetung.html\" title=\"Erotik &amp; Verhütung\">Erotik &amp; Verhütung</a> </li> \n             <li class=\"nav__menu-item\"> <a class=\"nav__menu-link\" href=\"https://www.rossmann.de/einkaufsportal/gesundheit/massage.html\" title=\"Massage\">Massage</a> </li> \n            </ul> \n           </div> \n          </div> \n         </div> \n         <div class=\"nav__menu-box-group is-size-3 is-teaser-box\"> \n          <div class=\"nav__menu-overview\"> \n           <span class=\"nav__menu-overview-desktop\"></span> \n           <span class=\"nav__menu-overview-mobile\"></span> \n          </div> \n          <div class=\"nav__menu-box-wrapper\"> \n           <div class=\"nav__menu-box\"> \n            <div class=\"nav__teaser-placeholder\"></div> \n           </div> \n          </div> \n         </div> \n        </div> \n       </div> </li> \n      <li class=\"nav__list-item\" data-deferred-content=\"{&quot;url&quot;: &quot;https://www.rossmann.de/einkaufsportal/hauptnavigation/navigation/menu/04.html&quot;}\"> <a class=\"nav__list-link\" href=\"https://www.rossmann.de/einkaufsportal/lebensmittel.html\" data-js-atom=\"trigger\">Lebensmittel</a> \n       <div class=\"nav__menu\" data-js-atom=\"panel\" style=\"height: 0px;\"> \n        <div class=\"nav__menu-inner\"> \n         <div class=\"nav__menu-box-group is-size-2\"> \n          <div class=\"nav__menu-overview\"> \n           <a class=\"nav__menu-overview-link\" href=\"https://www.rossmann.de/einkaufsportal/lebensmittel.html\"> <span class=\"nav__menu-overview-desktop\">Lebensmittel</span> <span class=\"nav__menu-overview-mobile\">Lebensmittel</span> </a> \n          </div> \n          <div class=\"nav__menu-box-wrapper\"> \n           <div class=\"nav__menu-box\"> \n            <ul class=\"nav__menu-item-list\"> \n             <li class=\"nav__menu-item\"> <a class=\"nav__menu-link\" href=\"https://www.rossmann.de/einkaufsportal/lebensmittel/kaffee-tee.html\" title=\"Kaffee &amp; Tee\">Kaffee &amp; Tee</a> </li> \n             <li class=\"nav__menu-item\"> <a class=\"nav__menu-link\" href=\"https://www.rossmann.de/einkaufsportal/lebensmittel/suessigkeiten-snacks.html\" title=\"Süßigkeiten &amp; Snacks\">Süßigkeiten &amp; Snacks</a> </li> \n             <li class=\"nav__menu-item\"> <a class=\"nav__menu-link\" href=\"https://www.rossmann.de/einkaufsportal/lebensmittel/kochen-backen.html\" title=\"Kochen &amp; Backen\">Kochen &amp; Backen</a> </li> \n             <li class=\"nav__menu-item\"> <a class=\"nav__menu-link\" href=\"https://www.rossmann.de/einkaufsportal/lebensmittel/brot-brotaufstriche.html\" title=\"Brot &amp; Brotaufstriche\">Brot &amp; Brotaufstriche</a> </li> \n             <li class=\"nav__menu-item\"> <a class=\"nav__menu-link\" href=\"https://www.rossmann.de/einkaufsportal/lebensmittel/muesli-flakes.html\" title=\"Müsli &amp; Flakes\">Müsli &amp; Flakes</a> </li> \n             <li class=\"nav__menu-item\"> <a class=\"nav__menu-link\" href=\"https://www.rossmann.de/einkaufsportal/lebensmittel/kaltgetraenke.html\" title=\"Kaltgetränke\">Kaltgetränke</a> </li> \n            </ul> \n           </div> \n           <div class=\"nav__menu-box\"> \n            <ul class=\"nav__menu-item-list\"> \n             <li class=\"nav__menu-item\"> <a class=\"nav__menu-link\" href=\"https://www.rossmann.de/einkaufsportal/lebensmittel/wein-sekt.html\" title=\"Wein &amp; Sekt\">Wein &amp; Sekt</a> </li> \n             <li class=\"nav__menu-item\"> <a class=\"nav__menu-link\" href=\"https://www.rossmann.de/einkaufsportal/lebensmittel/rezepte.html\" title=\"Rezepte\">Rezepte</a> </li> \n            </ul> \n           </div> \n          </div> \n         </div> \n         <div class=\"nav__menu-box-group is-size-2 is-teaser-box\"> \n          <div class=\"nav__menu-overview\"> \n           <span class=\"nav__menu-overview-desktop\"></span> \n           <span class=\"nav__menu-overview-mobile\"></span> \n          </div> \n          <div class=\"nav__menu-box-wrapper\"> \n           <div class=\"nav__menu-box\"> \n            <div class=\"nav__teaser-placeholder\"></div> \n           </div> \n          </div> \n         </div> \n        </div> \n       </div> </li> \n      <li class=\"nav__list-item\" data-deferred-content=\"{&quot;url&quot;: &quot;https://www.rossmann.de/einkaufsportal/hauptnavigation/navigation/menu/05.html&quot;}\"> <a class=\"nav__list-link\" href=\"https://www.rossmann.de/einkaufsportal/marken.html\" data-js-atom=\"trigger\">Marken</a> \n       <div class=\"nav__menu\" data-js-atom=\"panel\" style=\"height: 0px;\"> \n        <div class=\"nav__menu-inner\"> \n         <div class=\"nav__menu-box-group is-size-1\"> \n          <div class=\"nav__menu-overview\"> \n           <a class=\"nav__menu-overview-link\" href=\"https://www.rossmann.de/einkaufsportal/marken.html\"> <span class=\"nav__menu-overview-desktop\">Marken</span> <span class=\"nav__menu-overview-mobile\">Marken</span> </a> \n          </div> \n          <div class=\"nav__menu-box-wrapper\"> \n           <div class=\"nav__menu-box\"> \n            <ul class=\"nav__menu-item-list\"> \n             <li class=\"nav__menu-item\"> <a class=\"nav__menu-link\" href=\"https://www.rossmann.de/einkaufsportal/marken/rossmann-qualitaetsmarken.html\" title=\"ROSSMANN Qualitätsmarken\">ROSSMANN Qualitätsmarken</a> </li> \n             <li class=\"nav__menu-item\"> <a class=\"nav__menu-link\" href=\"https://www.rossmann.de/einkaufsportal/angebote/ideenwelt.html\" title=\"Ideenwelt Best Basics\">Ideenwelt Best Basics</a> </li> \n             <li class=\"nav__menu-item\"> <a class=\"nav__menu-link\" href=\"https://www.rossmann.de/einkaufsportal/marken/partnermarken.html\" title=\"Partnermarken\">Partnermarken</a> </li> \n             <li class=\"nav__menu-item\"> <a class=\"nav__menu-link\" href=\"https://www.rossmann.de/einkaufsportal/marken/ausgezeichnete-produkte.html\" title=\"Ausgezeichnete Produkte\">Ausgezeichnete Produkte</a> </li> \n            </ul> \n           </div> \n          </div> \n         </div> \n         <div class=\"nav__menu-box-group is-size-3 is-teaser-box\"> \n          <div class=\"nav__menu-overview\"> \n           <span class=\"nav__menu-overview-desktop\"></span> \n           <span class=\"nav__menu-overview-mobile\"></span> \n          </div> \n          <div class=\"nav__menu-box-wrapper\"> \n           <div class=\"nav__menu-box\"> \n            <div class=\"nav__teaser-placeholder\"></div> \n           </div> \n          </div> \n         </div> \n        </div> \n       </div> </li> \n      <li class=\"nav__list-item\" data-deferred-content=\"{&quot;url&quot;: &quot;https://www.rossmann.de/einkaufsportal/hauptnavigation/navigation/menu/06.html&quot;}\"> <a class=\"nav__list-link\" href=\"https://www.rossmann.de/einkaufsportal/angebote.html\" data-js-atom=\"trigger\">Angebote</a> \n       <div class=\"nav__menu\" data-js-atom=\"panel\" style=\"height: 0px;\"> \n        <div class=\"nav__menu-inner\"> \n         <div class=\"nav__menu-box-group is-size-2\"> \n          <div class=\"nav__menu-overview\"> \n           <a class=\"nav__menu-overview-link\" href=\"https://www.rossmann.de/einkaufsportal/angebote.html\"> <span class=\"nav__menu-overview-desktop\">Angebote</span> <span class=\"nav__menu-overview-mobile\">Angebote</span> </a> \n          </div> \n          <div class=\"nav__menu-box-wrapper\"> \n           <div class=\"nav__menu-box\"> \n            <ul class=\"nav__menu-item-list\"> \n             <li class=\"nav__menu-item\"> <a class=\"nav__menu-link\" href=\"https://www.rossmann.de/einkaufsportal/angebote/aktuelle-werbung.html\" title=\"Aktuelle Werbung\">Aktuelle Werbung</a> </li> \n             <li class=\"nav__menu-item\"> <a class=\"nav__menu-link\" href=\"https://www.rossmann.de/einkaufsportal/angebote/rabatt-aktionen.html\" title=\"Rabatt-Aktionen\">Rabatt-Aktionen</a> </li> \n             <li class=\"nav__menu-item\"> <a class=\"nav__menu-link\" href=\"https://www.rossmann.de/einkaufsportal/angebote/neuheiten.html\" title=\"Neuheiten\">Neuheiten</a> </li> \n             <li class=\"nav__menu-item\"> <a class=\"nav__menu-link\" href=\"https://www.rossmann.de/einkaufsportal/angebote/produktempfehlungen~ff_campaign=sonstige-ausverkauf-artikel~.html\" title=\"Ausverkauf!\">Ausverkauf!</a> </li> \n             <li class=\"nav__menu-item\"> <a class=\"nav__menu-link\" href=\"https://www.rossmann.de/einkaufsportal/angebote/filialaktionen.html\" title=\"Aktionen in unseren Filialen\">Aktionen in unseren Filialen</a> </li> \n            </ul> \n           </div> \n           <div class=\"nav__menu-box\"> \n            <ul class=\"nav__menu-item-list\"> \n             <li class=\"nav__menu-item\"> <a class=\"nav__menu-link\" href=\"https://www.rossmann.de/einkaufsportal/angebote/gewinnspiele.html\" title=\"Gewinnspiele\">Gewinnspiele</a> </li> \n             <li class=\"nav__menu-item\"> <a class=\"nav__menu-link\" href=\"https://www.rossmann.de/einkaufsportal/angebote/aktuelle-ideenwelt.html\" title=\"Aktuelle Ideenwelt\">Aktuelle Ideenwelt</a> </li> \n             <li class=\"nav__menu-item\"> <a class=\"nav__menu-link\" href=\"https://www.rossmann.de/einkaufsportal/angebote/ideenwelt.html\" title=\"Ideenwelt Best Basics\">Ideenwelt Best Basics</a> </li> \n             <li class=\"nav__menu-item\"> <a class=\"nav__menu-link\" href=\"https://www.rossmann.de/einkaufsportal/angebote/kundenmagazin.html\" title=\"Centaur Kundenmagazin\">Centaur Kundenmagazin</a> </li> \n             <li class=\"nav__menu-item\"> <a class=\"nav__menu-link\" href=\"https://www.rossmann.de/einkaufsportal/angebote/must-haves.html\" title=\"Die ultimativen Must-haves\">Die ultimativen Must-haves</a> </li> \n            </ul> \n           </div> \n          </div> \n         </div> \n         <div class=\"nav__menu-box-group is-size-2 is-teaser-box\"> \n          <div class=\"nav__menu-overview\"> \n           <span class=\"nav__menu-overview-desktop\"></span> \n           <span class=\"nav__menu-overview-mobile\"></span> \n          </div> \n          <div class=\"nav__menu-box-wrapper\"> \n           <div class=\"nav__menu-box\"> \n            <div class=\"nav__teaser-placeholder\"></div> \n           </div> \n          </div> \n         </div> \n        </div> \n       </div> </li> \n     </ul> \n    <ul class=\"page-deals__list\"> \n        <li class=\"page-deals__item\"> <a class=\"b-weekly-deals\" href=\"http://angebote.rossmann.de\" title=\"Aktuelle Angebote\" target=\"_blank\"> <span class=\"weekly-deals__text\">Aktuelle Angebote <em>Angebote gültig bis 28.04.</em></span> </a> </li> \n       </ul><nav class=\"b-service-nav\" aria-label=\"Service-Navigation\"> \n        <ul class=\"service-nav__list\"> \n         <li class=\"service-nav__item\"> <a class=\"service-nav__link\" href=\"http://www.rossmann-fotowelt.de/startseite\" title=\"Fotowelt\" target=\"_blank\">Fotowelt</a> </li> \n         <li class=\"service-nav__item\"> <a class=\"service-nav__link\" href=\"http://www.rossmann-mobil.otelo.de/\" title=\"Mobilfunk\" target=\"_blank\">Mobilfunk</a> </li> \n         <li class=\"service-nav__item\"> <a class=\"service-nav__link\" href=\"http://www.rossmann.de/unternehmen\" title=\"Unternehmen\" target=\"_blank\">Unternehmen</a> </li> \n         <li class=\"service-nav__item\"> <a class=\"service-nav__link\" href=\"https://business.rossmann.de/\" title=\"Geschäftskunden\" target=\"_blank\">Geschäftskunden</a> </li> \n         <li class=\"service-nav__item is-babywelt-link\"> <a class=\"service-nav__link\" href=\"https://www.rossmann.de/einkaufsportal/baby-kind/babywelt.html\" title=\"babywelt\"> babywelt <span class=\"service-nav__link-icon is-icon-emil\"></span> </a> </li> \n        </ul> \n       </nav></nav> \n   </div> \n  </nav> \n  <main class=\"r-main\"> \n   <div class=\"c-slider--default\" data-css=\"c-slider\" data-js-module=\"slider\" data-js-options=\"{&quot;controller&quot;:&quot;true&quot;,&quot;control&quot;:&quot;.slider__navigation&quot;,&quot;delay&quot;:&quot;16&quot;,&quot;renderEmediately&quot;:&quot;true&quot;,&quot;clickPagination&quot;:&quot;true&quot;,&quot;type&quot;:&quot;carousel&quot;,&quot;slideSingleFrame&quot;:&quot;true&quot;,&quot;interval&quot;:&quot;8&quot;}\" data-random-id=\"rsmn-autogen-id__cnZLKiHkta\" style=\"width: 785px;\"> \n    <div class=\"slider__list-wrapper\" data-js-atom=\"slider-wrapper\" style=\"height: 402px;\"> \n     <div class=\"slider__list\" data-js-atom=\"slider-list\" style=\"transform: translate3d(0%, 0px, 0px); transition: transform 0s ease 0s;\"> \n      <div class=\"slider__item\" data-js-atom=\"slider-item\" style=\"transform: translate3d(0%, 0px, 0px); z-index: 0; left: 0%;\"> \n       <div id=\"slider-item-09656735\" class=\"c-teaser-stage is-font-1 is-text-align-top is-text-align-left   is-image-align-center \" data-css=\"c-teaser-stage\"> \n        <a class=\"teaser-stage__linkbox\" href=\"https://www.rossmann.de/einkaufsportal/angebote/aktuelle-werbung.html\"> \n         <div class=\"teaser-stage__image-box\"> \n          <div class=\"teaser-stage__image-box-inner\"> \n           <picture class=\"c-picture\" data-css=\"c-picture\"> \n            <source srcset=\"https://www.rossmann-cdn.de/.imaging/stk/einkaufsportal/stage-bg_320/dam/einkaufsportal/angebote/Angebotswoche/M-Start-Buehne-Angebotswoche.jpg/jcr:content/M-Start-Buehne-Angebotswoche.jpg.2017-03-03-11-45-19.jpg 1x,https://www.rossmann-cdn.de/.imaging/stk/einkaufsportal/stage-bg_320x2/dam/einkaufsportal/angebote/Angebotswoche/M-Start-Buehne-Angebotswoche.jpg/jcr:content/M-Start-Buehne-Angebotswoche.jpg.2017-03-03-11-45-19.jpg 2x\" media=\"(max-width: 320px)\"> \n            <source srcset=\"https://www.rossmann-cdn.de/.imaging/stk/einkaufsportal/stage-bg_480/dam/einkaufsportal/angebote/Angebotswoche/M-Start-Buehne-Angebotswoche.jpg/jcr:content/M-Start-Buehne-Angebotswoche.jpg.2017-03-03-11-45-19.jpg 1x,https://www.rossmann-cdn.de/.imaging/stk/einkaufsportal/stage-bg_480x2/dam/einkaufsportal/angebote/Angebotswoche/M-Start-Buehne-Angebotswoche.jpg/jcr:content/M-Start-Buehne-Angebotswoche.jpg.2017-03-03-11-45-19.jpg 2x\" media=\"(max-width: 480px)\"> \n            <source srcset=\"https://www.rossmann-cdn.de/.imaging/stk/einkaufsportal/stage-bg_768/dam/einkaufsportal/angebote/Angebotswoche/Buehne_Startseite_Angebotswoche.jpg/jcr:content/Buehne_Startseite_Angebotswoche.jpg.2016-09-20-11-04-08.jpg 1x,https://www.rossmann-cdn.de/.imaging/stk/einkaufsportal/stage-bg_768x2/dam/einkaufsportal/angebote/Angebotswoche/Buehne_Startseite_Angebotswoche.jpg/jcr:content/Buehne_Startseite_Angebotswoche.jpg.2016-09-20-11-04-08.jpg 2x\" media=\"(max-width: 768px)\"> \n            <source srcset=\"https://www.rossmann-cdn.de/.imaging/stk/einkaufsportal/stage-bg_1024/dam/einkaufsportal/angebote/Angebotswoche/Buehne_Startseite_Angebotswoche.jpg/jcr:content/Buehne_Startseite_Angebotswoche.jpg.2016-09-20-11-04-08.jpg 1x,https://www.rossmann-cdn.de/.imaging/stk/einkaufsportal/stage-bg_1024x2/dam/einkaufsportal/angebote/Angebotswoche/Buehne_Startseite_Angebotswoche.jpg/jcr:content/Buehne_Startseite_Angebotswoche.jpg.2016-09-20-11-04-08.jpg 2x\" media=\"(max-width: 1024px)\"> \n            <source srcset=\"https://www.rossmann-cdn.de/.imaging/stk/einkaufsportal/stage-bg_1440/dam/einkaufsportal/angebote/Angebotswoche/Buehne_Startseite_Angebotswoche.jpg/jcr:content/Buehne_Startseite_Angebotswoche.jpg.2016-09-20-11-04-08.jpg 1x, 2x\" media=\"(max-width: 1440px)\"> \n            <img class=\"picture__image\" src=\"https://www.rossmann-cdn.de/.imaging/stk/einkaufsportal/stage-bg/dam/einkaufsportal/angebote/Angebotswoche/Buehne_Startseite_Angebotswoche.jpg/jcr:content/Buehne_Startseite_Angebotswoche.jpg.2016-09-20-11-04-08.2017-04-20-13-58-04.jpg\" alt=\"\"> \n           </picture> \n          </div> \n         </div> \n         <div class=\"teaser-stage__content-box\"> \n          <div class=\"teaser-stage__content-box-inner\"> \n           <div class=\"teaser-stage__text-box\"> \n            <strong class=\"teaser-stage__topline\">Gültig vom 24.04. - 28.04.2017</strong> \n            <h2 class=\"teaser-stage__headline\"> <span class=\"teaser-stage__headline-line\">Online schon <strong>ab Samstag</strong></span> <span class=\"teaser-stage__headline-line\">sparen</span> </h2> \n           </div> \n          </div> \n         </div> </a> \n       </div> \n      </div> \n      <div class=\"slider__item\" data-js-atom=\"slider-item\" style=\"left: 100%;\"> \n       <div id=\"slider-item-c86ac1f4\" class=\"c-teaser-stage is-font-1 is-text-align-top is-text-align-left   is-image-align-center \" data-css=\"c-teaser-stage\"> \n        <a class=\"teaser-stage__linkbox\" href=\"https://www.rossmann.de/produkte/veet/sensitive-precision-beauty-styler-bikini-edition/4002448101451.html\" target=\"_blank\"> \n         <div class=\"teaser-stage__image-box\"> \n          <div class=\"teaser-stage__image-box-inner\"> \n           <picture class=\"c-picture\" data-css=\"c-picture\"> \n            <source srcset=\"https://www.rossmann-cdn.de/.imaging/stk/einkaufsportal/stage-bg_320/dam/einkaufsportal/angebote/Produktneuheit/M_Start-Buehne-Neuheit-KW16.jpg/jcr:content/M_Start-Buehne-Neuheit-KW16.jpg.2017-04-10-09-01-39.jpg 1x,https://www.rossmann-cdn.de/.imaging/stk/einkaufsportal/stage-bg_320x2/dam/einkaufsportal/angebote/Produktneuheit/M_Start-Buehne-Neuheit-KW16.jpg/jcr:content/M_Start-Buehne-Neuheit-KW16.jpg.2017-04-10-09-01-39.jpg 2x\" media=\"(max-width: 320px)\"> \n            <source srcset=\"https://www.rossmann-cdn.de/.imaging/stk/einkaufsportal/stage-bg_480/dam/einkaufsportal/angebote/Produktneuheit/M_Start-Buehne-Neuheit-KW16.jpg/jcr:content/M_Start-Buehne-Neuheit-KW16.jpg.2017-04-10-09-01-39.jpg 1x,https://www.rossmann-cdn.de/.imaging/stk/einkaufsportal/stage-bg_480x2/dam/einkaufsportal/angebote/Produktneuheit/M_Start-Buehne-Neuheit-KW16.jpg/jcr:content/M_Start-Buehne-Neuheit-KW16.jpg.2017-04-10-09-01-39.jpg 2x\" media=\"(max-width: 480px)\"> \n            <source srcset=\"https://www.rossmann-cdn.de/.imaging/stk/einkaufsportal/stage-bg_768/dam/einkaufsportal/angebote/Produktneuheit/Start-Buehne-Neuheit-KW16.jpg/jcr:content/Start-Buehne-Neuheit-KW16.jpg.2017-04-10-09-01-17.jpg 1x,https://www.rossmann-cdn.de/.imaging/stk/einkaufsportal/stage-bg_768x2/dam/einkaufsportal/angebote/Produktneuheit/Start-Buehne-Neuheit-KW16.jpg/jcr:content/Start-Buehne-Neuheit-KW16.jpg.2017-04-10-09-01-17.jpg 2x\" media=\"(max-width: 768px)\"> \n            <source srcset=\"https://www.rossmann-cdn.de/.imaging/stk/einkaufsportal/stage-bg_1024/dam/einkaufsportal/angebote/Produktneuheit/Start-Buehne-Neuheit-KW16.jpg/jcr:content/Start-Buehne-Neuheit-KW16.jpg.2017-04-10-09-01-17.jpg 1x,https://www.rossmann-cdn.de/.imaging/stk/einkaufsportal/stage-bg_1024x2/dam/einkaufsportal/angebote/Produktneuheit/Start-Buehne-Neuheit-KW16.jpg/jcr:content/Start-Buehne-Neuheit-KW16.jpg.2017-04-10-09-01-17.jpg 2x\" media=\"(max-width: 1024px)\"> \n            <source srcset=\"https://www.rossmann-cdn.de/.imaging/stk/einkaufsportal/stage-bg_1440/dam/einkaufsportal/angebote/Produktneuheit/Start-Buehne-Neuheit-KW16.jpg/jcr:content/Start-Buehne-Neuheit-KW16.jpg.2017-04-10-09-01-17.jpg 1x, 2x\" media=\"(max-width: 1440px)\"> \n            <img class=\"picture__image\" src=\"https://www.rossmann-cdn.de/.imaging/stk/einkaufsportal/stage-bg/dam/einkaufsportal/angebote/Produktneuheit/Start-Buehne-Neuheit-KW16.jpg/jcr:content/Start-Buehne-Neuheit-KW16.jpg.2017-04-10-09-01-17.2017-04-10-09-01-17.jpg\" alt=\"\"> \n           </picture> \n          </div> \n         </div> \n         <div class=\"teaser-stage__content-box\"> \n          <div class=\"teaser-stage__content-box-inner\"> \n           <div class=\"teaser-stage__text-box\"> \n            <strong class=\"teaser-stage__topline\">Veet</strong> \n            <h2 class=\"teaser-stage__headline\"> <span class=\"teaser-stage__headline-line\">Sensitive Precision <strong>Beauty Styler</strong></span> <span class=\"teaser-stage__headline-line\">Bikini Edition</span> </h2> \n           </div> \n          </div> \n         </div> </a> \n       </div> \n      </div> \n      <div class=\"slider__item\" data-js-atom=\"slider-item\" style=\"left: 200%;\"> \n       <div id=\"slider-item-d0c03e11\" class=\"c-teaser-stage is-font-1 is-text-align-top is-text-align-left   is-image-align-center \" data-css=\"c-teaser-stage\"> \n        <a class=\"teaser-stage__linkbox\" href=\"https://www.rossmann.de/einkaufsportal/haushalt/papier-filter-folien.html\"> \n         <div class=\"teaser-stage__image-box\"> \n          <div class=\"teaser-stage__image-box-inner\"> \n           <picture class=\"c-picture\" data-css=\"c-picture\"> \n            <source srcset=\"https://www.rossmann-cdn.de/.imaging/stk/einkaufsportal/stage-bg_320/dam/einkaufsportal/angebote/Aktionen/Zugabe-Aktion/M_Buehne_Gratis-Code_Regina.jpg/jcr:content/M_Buehne_Gratis-Code_Regina.jpg.2017-04-07-09-39-28.jpg 1x,https://www.rossmann-cdn.de/.imaging/stk/einkaufsportal/stage-bg_320x2/dam/einkaufsportal/angebote/Aktionen/Zugabe-Aktion/M_Buehne_Gratis-Code_Regina.jpg/jcr:content/M_Buehne_Gratis-Code_Regina.jpg.2017-04-07-09-39-28.jpg 2x\" media=\"(max-width: 320px)\"> \n            <source srcset=\"https://www.rossmann-cdn.de/.imaging/stk/einkaufsportal/stage-bg_480/dam/einkaufsportal/angebote/Aktionen/Zugabe-Aktion/M_Buehne_Gratis-Code_Regina.jpg/jcr:content/M_Buehne_Gratis-Code_Regina.jpg.2017-04-07-09-39-28.jpg 1x,https://www.rossmann-cdn.de/.imaging/stk/einkaufsportal/stage-bg_480x2/dam/einkaufsportal/angebote/Aktionen/Zugabe-Aktion/M_Buehne_Gratis-Code_Regina.jpg/jcr:content/M_Buehne_Gratis-Code_Regina.jpg.2017-04-07-09-39-28.jpg 2x\" media=\"(max-width: 480px)\"> \n            <source srcset=\"https://www.rossmann-cdn.de/.imaging/stk/einkaufsportal/stage-bg_768/dam/einkaufsportal/angebote/Aktionen/Zugabe-Aktion/Startbuehne_Gratis-Code_Regina.jpg/jcr:content/Startbuehne_Gratis-Code_Regina.jpg.2017-04-18-08-27-28.jpg 1x,https://www.rossmann-cdn.de/.imaging/stk/einkaufsportal/stage-bg_768x2/dam/einkaufsportal/angebote/Aktionen/Zugabe-Aktion/Startbuehne_Gratis-Code_Regina.jpg/jcr:content/Startbuehne_Gratis-Code_Regina.jpg.2017-04-18-08-27-28.jpg 2x\" media=\"(max-width: 768px)\"> \n            <source srcset=\"https://www.rossmann-cdn.de/.imaging/stk/einkaufsportal/stage-bg_1024/dam/einkaufsportal/angebote/Aktionen/Zugabe-Aktion/Startbuehne_Gratis-Code_Regina.jpg/jcr:content/Startbuehne_Gratis-Code_Regina.jpg.2017-04-18-08-27-28.jpg 1x,https://www.rossmann-cdn.de/.imaging/stk/einkaufsportal/stage-bg_1024x2/dam/einkaufsportal/angebote/Aktionen/Zugabe-Aktion/Startbuehne_Gratis-Code_Regina.jpg/jcr:content/Startbuehne_Gratis-Code_Regina.jpg.2017-04-18-08-27-28.jpg 2x\" media=\"(max-width: 1024px)\"> \n            <source srcset=\"https://www.rossmann-cdn.de/.imaging/stk/einkaufsportal/stage-bg_1440/dam/einkaufsportal/angebote/Aktionen/Zugabe-Aktion/Startbuehne_Gratis-Code_Regina.jpg/jcr:content/Startbuehne_Gratis-Code_Regina.jpg.2017-04-18-08-27-28.jpg 1x, 2x\" media=\"(max-width: 1440px)\"> \n            <img class=\"picture__image\" src=\"https://www.rossmann-cdn.de/.imaging/stk/einkaufsportal/stage-bg/dam/einkaufsportal/angebote/Aktionen/Zugabe-Aktion/Startbuehne_Gratis-Code_Regina.jpg/jcr:content/Startbuehne_Gratis-Code_Regina.jpg.2017-04-18-08-27-28.2017-04-18-08-27-35.jpg\" alt=\"\"> \n           </picture> \n          </div> \n         </div> \n         <div class=\"teaser-stage__content-box\"> \n          <div class=\"teaser-stage__content-box-inner\"> \n           <div class=\"teaser-stage__text-box\"> \n            <strong class=\"teaser-stage__topline\">Regina Softis Taschentücher</strong> \n            <h2 class=\"teaser-stage__headline\"> <span class=\"teaser-stage__headline-line\"><strong>Gratis für Sie!</strong>³</span> </h2> \n           </div> \n          </div> \n         </div> </a> \n       </div> \n      </div> \n      <div class=\"slider__item\" data-js-atom=\"slider-item\" style=\"left: 300%;\"> \n       <div id=\"slider-item-484ad3f8\" class=\"c-teaser-stage is-font-1 is-text-align-top is-text-align-left   is-image-align-center \" data-css=\"c-teaser-stage\"> \n        <a class=\"teaser-stage__linkbox\" href=\"https://www.rossmann.de/einkaufsportal/angebote/produktempfehlungen~ff_campaign=mpp-nivea-haarmilch~.html\" target=\"_blank\"> \n         <div class=\"teaser-stage__image-box\"> \n          <div class=\"teaser-stage__image-box-inner\"> \n           <picture class=\"c-picture\" data-css=\"c-picture\"> \n            <source srcset=\"https://www.rossmann-cdn.de/.imaging/stk/einkaufsportal/stage-bg_320/dam/einkaufsportal/marken/MPP/KW_16-18_NIVEA/mobile_b-hne_neu.jpg/jcr:content/mobile_b%C3%BChne_neu.jpg.2017-04-19-07-58-20.jpg 1x,https://www.rossmann-cdn.de/.imaging/stk/einkaufsportal/stage-bg_320x2/dam/einkaufsportal/marken/MPP/KW_16-18_NIVEA/mobile_b-hne_neu.jpg/jcr:content/mobile_b%C3%BChne_neu.jpg.2017-04-19-07-58-20.jpg 2x\" media=\"(max-width: 320px)\"> \n            <source srcset=\"https://www.rossmann-cdn.de/.imaging/stk/einkaufsportal/stage-bg_480/dam/einkaufsportal/marken/MPP/KW_16-18_NIVEA/mobile_b-hne_neu.jpg/jcr:content/mobile_b%C3%BChne_neu.jpg.2017-04-19-07-58-20.jpg 1x,https://www.rossmann-cdn.de/.imaging/stk/einkaufsportal/stage-bg_480x2/dam/einkaufsportal/marken/MPP/KW_16-18_NIVEA/mobile_b-hne_neu.jpg/jcr:content/mobile_b%C3%BChne_neu.jpg.2017-04-19-07-58-20.jpg 2x\" media=\"(max-width: 480px)\"> \n            <source srcset=\"https://www.rossmann-cdn.de/.imaging/stk/einkaufsportal/stage-bg_768/dam/einkaufsportal/marken/MPP/KW_16-18_NIVEA/2017-03-20_BDF-17-107_MPP-HairCare_OnlineBanner_1680x945px_step02.jpg0/jcr:content/2017-03-20_BDF-17-107_MPP-HairCare_OnlineBanner_1680x945px_step02.jpg.2017-03-27-13-47-09.jpg 1x,https://www.rossmann-cdn.de/.imaging/stk/einkaufsportal/stage-bg_768x2/dam/einkaufsportal/marken/MPP/KW_16-18_NIVEA/2017-03-20_BDF-17-107_MPP-HairCare_OnlineBanner_1680x945px_step02.jpg0/jcr:content/2017-03-20_BDF-17-107_MPP-HairCare_OnlineBanner_1680x945px_step02.jpg.2017-03-27-13-47-09.jpg 2x\" media=\"(max-width: 768px)\"> \n            <source srcset=\"https://www.rossmann-cdn.de/.imaging/stk/einkaufsportal/stage-bg_1024/dam/einkaufsportal/marken/MPP/KW_16-18_NIVEA/2017-03-20_BDF-17-107_MPP-HairCare_OnlineBanner_1680x945px_step02.jpg0/jcr:content/2017-03-20_BDF-17-107_MPP-HairCare_OnlineBanner_1680x945px_step02.jpg.2017-03-27-13-47-09.jpg 1x,https://www.rossmann-cdn.de/.imaging/stk/einkaufsportal/stage-bg_1024x2/dam/einkaufsportal/marken/MPP/KW_16-18_NIVEA/2017-03-20_BDF-17-107_MPP-HairCare_OnlineBanner_1680x945px_step02.jpg0/jcr:content/2017-03-20_BDF-17-107_MPP-HairCare_OnlineBanner_1680x945px_step02.jpg.2017-03-27-13-47-09.jpg 2x\" media=\"(max-width: 1024px)\"> \n            <source srcset=\"https://www.rossmann-cdn.de/.imaging/stk/einkaufsportal/stage-bg_1440/dam/einkaufsportal/marken/MPP/KW_16-18_NIVEA/2017-03-20_BDF-17-107_MPP-HairCare_OnlineBanner_1680x945px_step02.jpg0/jcr:content/2017-03-20_BDF-17-107_MPP-HairCare_OnlineBanner_1680x945px_step02.jpg.2017-03-27-13-47-09.jpg 1x, 2x\" media=\"(max-width: 1440px)\"> \n            <img class=\"picture__image\" src=\"https://www.rossmann-cdn.de/.imaging/stk/einkaufsportal/stage-bg/dam/einkaufsportal/marken/MPP/KW_16-18_NIVEA/2017-03-20_BDF-17-107_MPP-HairCare_OnlineBanner_1680x945px_step02.jpg0/jcr:content/2017-03-20_BDF-17-107_MPP-HairCare_OnlineBanner_1680x945px_step02.jpg.2017-03-27-13-47-09.2017-03-27-13-47-09.jpg\" alt=\"\"> \n           </picture> \n          </div> \n         </div> \n         <div class=\"teaser-stage__content-box\"> \n          <div class=\"teaser-stage__content-box-inner\"> \n           <div class=\"teaser-stage__text-box\"> \n            <strong class=\"teaser-stage__topline\">Nivea pflegt die Haare schön</strong> \n            <h2 class=\"teaser-stage__headline\"> <span class=\"teaser-stage__headline-line\">Jetzt <strong>Haarpflege</strong> entdecken</span> </h2> \n           </div> \n          </div> \n         </div> </a> \n       </div> \n      </div> \n     </div> \n    </div> \n    <div class=\"slider__controls\"> \n     <div class=\"slider__pagination\" data-js-atom=\"pagination\" data-js-ref=\"#\"> \n      <ul class=\"slider__pagination-list\" data-js-atom=\"pagination-list\" style=\"visibility: visible;\"><li class=\"slider__pagination-item is-active\" data-js-atom=\"pagination-list-item\"></li><li class=\"slider__pagination-item\" data-js-atom=\"pagination-list-item\"></li><li class=\"slider__pagination-item\" data-js-atom=\"pagination-list-item\"></li><li class=\"slider__pagination-item\" data-js-atom=\"pagination-list-item\"></li></ul> \n     </div> \n     <div class=\"slider__navigation\"> \n      <button class=\"slider__navigation-prev\" data-js-atom=\"navigation-prev\"> <span class=\"slider__navigation-icon\">Vorher</span> </button> \n      <button class=\"slider__navigation-next\" data-js-atom=\"navigation-next\"> <span class=\"slider__navigation-icon\">Weiter</span> </button> \n     </div> \n    </div> \n   </div> \n   <section class=\"c-teaser-group\" data-css=\"c-teaser-group\"> \n    <div class=\"teaser-group__inner\"> \n     <h2 class=\"teaser-group__headline\">Aktuelle Werbung <em>Gültig in Ihrer Filiale vom 24.04. bis 28.04. - online schon ab Samstag!</em> </h2> \n     <div class=\"c-slider--product-manuel\" data-css=\"c-slider\" data-js-module=\"slider\" data-js-options=\"{&quot;count&quot;:&quot;4&quot;,&quot;steps&quot;:&quot;4&quot;,&quot;controller&quot;:&quot;true&quot;,&quot;control&quot;:&quot;.slider__navigation&quot;,&quot;delay&quot;:&quot;16&quot;,&quot;renderEmediately&quot;:&quot;true&quot;,&quot;clickPagination&quot;:&quot;true&quot;,&quot;slideSingleFrame&quot;:&quot;&quot;,&quot;interval&quot;:&quot;0&quot;,&quot;re-init&quot;:&quot;tablet-p:2,mobile-l:2,mobile-p:1&quot;}\" data-random-id=\"rsmn-autogen-id__HxQEYCOKaN\" style=\"width: 755px;\"> \n      <div class=\"slider__list-wrapper\" data-js-atom=\"slider-wrapper\" style=\"height: 378px;\"> \n       <div class=\"slider__list\" data-js-atom=\"slider-list\" style=\"transform: translate3d(0%, 0px, 0px); transition: transform 0s ease 0s;\"> \n        <div class=\"slider__item is-1x2\" data-js-atom=\"slider-item\" style=\"left: 0%;\"> \n         <div class=\"c-teaser-product\" data-prd-id=\"008074\" data-prd-price=\"3.19\" data-css=\"c-teaser-product\" data-js-module=\"teaser-product-hover\" data-js-options=\"{&quot;activemediaquery&quot;:&quot;tablet-p,mobile-l,mobile-p&quot;}\"> \n          <div class=\"teaser-product__box\"> \n           <div class=\"teaser-product__inner\"> \n            <a href=\"/produkte/sunozon-classic/sonnenmilch/4305615533063.html\" title=\"\" class=\"teaser-product__image-box\" data-js-atom=\"stateful-link\" data-linkid=\"4305615533063\" onclick=\"econdaView('008074', 'Sonnenmilch', '3.19', 'NULL', 'Sunozon classic');\"> <img class=\"teaser-product__image lazyloaded\" src=\"https://media.rossmann-cdn.de/product/430/561/553/4305615533063_E_1_1.png\" data-src=\"https://media.rossmann-cdn.de/product/430/561/553/4305615533063_E_1_1.png\" alt=\"\"> </a> \n            <p class=\"teaser-product__highlight-text\">aus der werbung</p> \n            <div class=\"teaser-product__content\"> \n             <a class=\"teaser-product__cta is-available\" data-js-module=\"lightbox\" title=\"in den Warenkorb\" data-js-options=\"{&quot;id&quot;:0,&quot;modifierClass&quot;:&quot;is-large&quot;,&quot;type&quot;:&quot;ajax&quot;,&quot;url&quot;:&quot;/productOverlay.html?ean=4305615533063&quot;,&quot;destroyClickEvent&quot;:true,&quot;activemediaquery&quot;:&quot;tablet, desktop&quot;}\" data-js-atom=\"stateful-link\" data-linkid=\"4305615533063\" onclick=\"econdaView('008074', 'Sonnenmilch', '3.19', 'NULL', 'Sunozon classic');\"> in den Warenkorb <span class=\"teaser-product__cta-icon\"></span> </a> \n             <div class=\"c-product-price--product-teaser\" data-css=\"c-product-price\"> \n              <div class=\"product-price__old\"> \n               <span class=\"product-price__old-intro\">alter Preis</span> \n               <span class=\"product-price__old-value\">3,99</span> \n               <span class=\"product-price__old-currency\">€</span> \n              </div> \n              <div class=\"product-price__current\"> \n               <span class=\"product-price__current-entity\">3.</span> \n               <span class=\"product-price__current-partial\">19</span> \n               <span class=\"product-price__current-currency\">€</span> \n              </div> \n              <div class=\"product-price__quantity\">\n               100 ml = 1,60 €, 200 ml\n              </div> \n             </div> \n             <a href=\"/produkte/sunozon-classic/sonnenmilch/4305615533063.html\" title=\"zur Produktdetailseite\" class=\"teaser-product__title-box\" data-js-atom=\"stateful-link\" data-linkid=\"4305615533063\" onclick=\"econdaView('008074', 'Sonnenmilch', '3.19', 'NULL', 'Sunozon classic');\"> \n              <div id=\"BVRRInlineRatingContainer-4305615533063\" class=\"teaser-product__rating\" data-js-atom=\"bv-integration-inline-rating\"> <div class=\"bv-cleanslate bv-cv2-cleanslate\"> <div data-bv-v=\"ratingItem:16\" class=\"bv-shared bv-core-container-165 bv-rating-top-statistic\">\n <!--[if lt IE 7]> <div class=\"bv-compat bvie6 bvie-lt8 bvie\"> <![endif]--> <!--[if IE 7]> <div class=\"bv-compat bvie7 bvie-lt8 bvie\"> <![endif]--> <!--[if IE 8]> <div class=\"bv-compat bvie8 bvie\"> <![endif]--> <!--[if IE 9]> <div class=\"bv-compat bvie9 bvie\"> <![endif]--> <!--[if gt IE 9]> <!--><div class=\"bv-compat\"> <!--<![endif]--> <div class=\"bv-inline-rating-container\">   <dl class=\"bv-stars-container\" role=\"presentation\">    <dd class=\"bv-rating-ratio\" role=\"presentation\">  <span class=\"bv-rating-stars-container\">   <span class=\"bv-rating-stars bv-rating-stars-off\" aria-hidden=\"true\">  ★★★★★  </span> <span class=\"bv-rating-stars-on bv-rating-stars\" style=\"width:0% !important;\" aria-hidden=\"true\">  ★★★★★  </span>        </span>  </dd>     </dl>   </div> </div> \n</div> </div></div> <h3 class=\"teaser-product__name\" data-js-module=\"line-limiter\" data-js-options=\"{&quot;lines&quot;: 2}\"><em class=\"teaser-product__brand\">Sunozon classic</em> Sonnenmilch</h3> </a> \n            </div> \n            <div class=\"teaser-product__availability-box\"> \n            </div> \n           </div> \n          </div> \n         </div> \n        </div> \n        <div class=\"slider__item is-1x2\" data-js-atom=\"slider-item\" style=\"left: 25%;\"> \n         <div class=\"c-teaser-product\" data-prd-id=\"514163\" data-prd-price=\"3.79\" data-css=\"c-teaser-product\" data-js-module=\"teaser-product-hover\" data-js-options=\"{&quot;activemediaquery&quot;:&quot;tablet-p,mobile-l,mobile-p&quot;}\"> \n          <div class=\"teaser-product__box\"> \n           <div class=\"teaser-product__inner\"> \n            <a href=\"/produkte/nescafe-dolce-gusto/kapseln-cappuccino/5011546498492.html\" title=\"\" class=\"teaser-product__image-box\" data-js-atom=\"stateful-link\" data-linkid=\"5011546498492\" onclick=\"econdaView('514163', 'Kapseln &quot;Cappuccino&quot;', '3.79', 'NULL', 'Nescafé Dolce Gusto');\"> <img class=\"teaser-product__image lazyloaded\" src=\"https://media.rossmann-cdn.de/product/501/154/649/5011546498492_E_1_1.png\" data-src=\"https://media.rossmann-cdn.de/product/501/154/649/5011546498492_E_1_1.png\" alt=\"\"> </a> \n            <p class=\"teaser-product__highlight-text\">aus der werbung</p> \n            <div class=\"teaser-product__content\"> \n             <a class=\"teaser-product__cta is-available\" data-js-module=\"lightbox\" title=\"in den Warenkorb\" data-js-options=\"{&quot;id&quot;:0,&quot;modifierClass&quot;:&quot;is-large&quot;,&quot;type&quot;:&quot;ajax&quot;,&quot;url&quot;:&quot;/productOverlay.html?ean=5011546498492&quot;,&quot;destroyClickEvent&quot;:true,&quot;activemediaquery&quot;:&quot;tablet, desktop&quot;}\" data-js-atom=\"stateful-link\" data-linkid=\"5011546498492\" onclick=\"econdaView('514163', 'Kapseln &quot;Cappuccino&quot;', '3.79', 'NULL', 'Nescafé Dolce Gusto');\"> in den Warenkorb <span class=\"teaser-product__cta-icon\"></span> </a> \n             <div class=\"c-product-price--product-teaser\" data-css=\"c-product-price\"> \n              <div class=\"product-price__old\"> \n               <span class=\"product-price__old-intro\">alter Preis</span> \n               <span class=\"product-price__old-value\">4,79</span> \n               <span class=\"product-price__old-currency\">€</span> \n              </div> \n              <div class=\"product-price__current\"> \n               <span class=\"product-price__current-entity\">3.</span> \n               <span class=\"product-price__current-partial\">79</span> \n               <span class=\"product-price__current-currency\">€</span> \n              </div> \n              <div class=\"product-price__quantity\">\n               100 g = 1,90 €, 200 g, für 8x 240 ml\n              </div> \n             </div> \n             <a href=\"/produkte/nescafe-dolce-gusto/kapseln-cappuccino/5011546498492.html\" title=\"zur Produktdetailseite\" class=\"teaser-product__title-box\" data-js-atom=\"stateful-link\" data-linkid=\"5011546498492\" onclick=\"econdaView('514163', 'Kapseln &quot;Cappuccino&quot;', '3.79', 'NULL', 'Nescafé Dolce Gusto');\"> \n              <div id=\"BVRRInlineRatingContainer-5011546498492\" class=\"teaser-product__rating\" data-js-atom=\"bv-integration-inline-rating\"> <div class=\"bv-cleanslate bv-cv2-cleanslate\"> <div data-bv-v=\"ratingItem:28\" class=\"bv-shared bv-core-container-165 bv-rating-top-statistic\">\n <!--[if lt IE 7]> <div class=\"bv-compat bvie6 bvie-lt8 bvie\"> <![endif]--> <!--[if IE 7]> <div class=\"bv-compat bvie7 bvie-lt8 bvie\"> <![endif]--> <!--[if IE 8]> <div class=\"bv-compat bvie8 bvie\"> <![endif]--> <!--[if IE 9]> <div class=\"bv-compat bvie9 bvie\"> <![endif]--> <!--[if gt IE 9]> <!--><div class=\"bv-compat\"> <!--<![endif]--> <div class=\"bv-inline-rating-container\">   <dl class=\"bv-stars-container\" role=\"presentation\">    <dd class=\"bv-rating-ratio\" role=\"presentation\">  <span class=\"bv-rating-stars-container\">   <span class=\"bv-rating-stars bv-rating-stars-off\" aria-hidden=\"true\">  ★★★★★  </span> <span class=\"bv-rating-stars-on bv-rating-stars\" style=\"width:100% !important;\" aria-hidden=\"true\">  ★★★★★  </span>     <span class=\"bv-off-screen\">5 von 5 Sternen. Bewertungen lesen.</span>     </span>  </dd>     </dl>   </div> </div> \n</div> </div></div> <h3 class=\"teaser-product__name\" data-js-module=\"line-limiter\" data-js-options=\"{&quot;lines&quot;: 2}\"><em class=\"teaser-product__brand\">Nescafé Dolce Gusto</em> Kapseln \"Cappuccino\"</h3> </a> \n            </div> \n            <div class=\"teaser-product__availability-box\"> \n            </div> \n           </div> \n          </div> \n         </div> \n        </div> \n        <div class=\"slider__item is-1x2\" data-js-atom=\"slider-item\" style=\"left: 50%;\"> \n         <div class=\"c-teaser-product\" data-prd-id=\"835688\" data-prd-price=\"1.11\" data-css=\"c-teaser-product\" data-js-module=\"teaser-product-hover\" data-js-options=\"{&quot;activemediaquery&quot;:&quot;tablet-p,mobile-l,mobile-p&quot;}\"> \n          <div class=\"teaser-product__box\"> \n           <div class=\"teaser-product__inner\"> \n            <a href=\"/produkte/00-null-null/wc-aktivgel-cool-arctic/5000204553284.html\" title=\"\" class=\"teaser-product__image-box\" data-js-atom=\"stateful-link\" data-linkid=\"5000204553284\" onclick=\"econdaView('835688', 'WC AktivGel Cool Arctic', '1.11', 'NULL', '00 Null Null');\"> <img class=\"teaser-product__image lazyloaded\" src=\"https://media.rossmann-cdn.de/product/500/020/455/5000204553284_E_1_1.png\" data-src=\"https://media.rossmann-cdn.de/product/500/020/455/5000204553284_E_1_1.png\" alt=\"\"> </a> \n            <p class=\"teaser-product__highlight-text\">aus der werbung</p> \n            <div class=\"teaser-product__content\"> \n             <a class=\"teaser-product__cta is-available\" data-js-module=\"lightbox\" title=\"in den Warenkorb\" data-js-options=\"{&quot;id&quot;:0,&quot;modifierClass&quot;:&quot;is-large&quot;,&quot;type&quot;:&quot;ajax&quot;,&quot;url&quot;:&quot;/productOverlay.html?ean=5000204553284&quot;,&quot;destroyClickEvent&quot;:true,&quot;activemediaquery&quot;:&quot;tablet, desktop&quot;}\" data-js-atom=\"stateful-link\" data-linkid=\"5000204553284\" onclick=\"econdaView('835688', 'WC AktivGel Cool Arctic', '1.11', 'NULL', '00 Null Null');\"> in den Warenkorb <span class=\"teaser-product__cta-icon\"></span> </a> \n             <div class=\"c-product-price--product-teaser\" data-css=\"c-product-price\"> \n              <div class=\"product-price__old\"> \n               <span class=\"product-price__old-intro\">alter Preis</span> \n               <span class=\"product-price__old-value\">1,49</span> \n               <span class=\"product-price__old-currency\">€</span> \n              </div> \n              <div class=\"product-price__current\"> \n               <span class=\"product-price__current-entity\">1.</span> \n               <span class=\"product-price__current-partial\">11</span> \n               <span class=\"product-price__current-currency\">€</span> \n              </div> \n              <div class=\"product-price__quantity\">\n               1 l = 1,48 €, 750 ml\n              </div> \n             </div> \n             <a href=\"/produkte/00-null-null/wc-aktivgel-cool-arctic/5000204553284.html\" title=\"zur Produktdetailseite\" class=\"teaser-product__title-box\" data-js-atom=\"stateful-link\" data-linkid=\"5000204553284\" onclick=\"econdaView('835688', 'WC AktivGel Cool Arctic', '1.11', 'NULL', '00 Null Null');\"> \n              <div id=\"BVRRInlineRatingContainer-5000204553284\" class=\"teaser-product__rating\" data-js-atom=\"bv-integration-inline-rating\"> <div class=\"bv-cleanslate bv-cv2-cleanslate\"> <div data-bv-v=\"ratingItem:7\" class=\"bv-shared bv-core-container-165 bv-rating-top-statistic\">\n <!--[if lt IE 7]> <div class=\"bv-compat bvie6 bvie-lt8 bvie\"> <![endif]--> <!--[if IE 7]> <div class=\"bv-compat bvie7 bvie-lt8 bvie\"> <![endif]--> <!--[if IE 8]> <div class=\"bv-compat bvie8 bvie\"> <![endif]--> <!--[if IE 9]> <div class=\"bv-compat bvie9 bvie\"> <![endif]--> <!--[if gt IE 9]> <!--><div class=\"bv-compat\"> <!--<![endif]--> <div class=\"bv-inline-rating-container\">   <dl class=\"bv-stars-container\" role=\"presentation\">    <dd class=\"bv-rating-ratio\" role=\"presentation\">  <span class=\"bv-rating-stars-container\">   <span class=\"bv-rating-stars bv-rating-stars-off\" aria-hidden=\"true\">  ★★★★★  </span> <span class=\"bv-rating-stars-on bv-rating-stars\" style=\"width:100% !important;\" aria-hidden=\"true\">  ★★★★★  </span>     <span class=\"bv-off-screen\">5 von 5 Sternen. Bewertungen lesen.</span>     </span>  </dd>     </dl>   </div> </div> \n</div> </div></div> <h3 class=\"teaser-product__name\" data-js-module=\"line-limiter\" data-js-options=\"{&quot;lines&quot;: 2}\"><em class=\"teaser-product__brand\">00 Null Null</em> WC AktivGel Cool Arctic</h3> </a> \n            </div> \n            <div class=\"teaser-product__availability-box\"> \n            </div> \n           </div> \n          </div> \n         </div> \n        </div> \n        <div class=\"slider__item is-1x2\" data-js-atom=\"slider-item\" style=\"left: 75%;\"> \n         <div class=\"c-teaser-product\" data-prd-id=\"569880\" data-prd-price=\"1.29\" data-css=\"c-teaser-product\" data-js-module=\"teaser-product-hover\" data-js-options=\"{&quot;activemediaquery&quot;:&quot;tablet-p,mobile-l,mobile-p&quot;}\"> \n          <div class=\"teaser-product__box\"> \n           <div class=\"teaser-product__inner\"> \n            <a href=\"/produkte/winston/klumpstreu-fuer-katzen/4305615170367.html\" title=\"\" class=\"teaser-product__image-box\" data-js-atom=\"stateful-link\" data-linkid=\"4305615170367\" onclick=\"econdaView('569880', 'Klumpstreu für Katzen', '1.29', 'NULL', 'Winston');\"> <img class=\"teaser-product__image lazyloaded\" src=\"https://media.rossmann-cdn.de/product/430/561/517/4305615170367_E_1_1.png\" data-src=\"https://media.rossmann-cdn.de/product/430/561/517/4305615170367_E_1_1.png\" alt=\"\"> </a> \n            <p class=\"teaser-product__highlight-text\">aus der werbung</p> \n            <div class=\"teaser-product__content\"> \n             <a class=\"teaser-product__cta is-available\" data-js-module=\"lightbox\" title=\"in den Warenkorb\" data-js-options=\"{&quot;id&quot;:0,&quot;modifierClass&quot;:&quot;is-large&quot;,&quot;type&quot;:&quot;ajax&quot;,&quot;url&quot;:&quot;/productOverlay.html?ean=4305615170367&quot;,&quot;destroyClickEvent&quot;:true,&quot;activemediaquery&quot;:&quot;tablet, desktop&quot;}\" data-js-atom=\"stateful-link\" data-linkid=\"4305615170367\" onclick=\"econdaView('569880', 'Klumpstreu für Katzen', '1.29', 'NULL', 'Winston');\"> in den Warenkorb <span class=\"teaser-product__cta-icon\"></span> </a> \n             <div class=\"c-product-price--product-teaser\" data-css=\"c-product-price\"> \n              <div class=\"product-price__old\"> \n               <span class=\"product-price__old-intro\">alter Preis</span> \n               <span class=\"product-price__old-value\">1,59</span> \n               <span class=\"product-price__old-currency\">€</span> \n              </div> \n              <div class=\"product-price__current\"> \n               <span class=\"product-price__current-entity\">1.</span> \n               <span class=\"product-price__current-partial\">29</span> \n               <span class=\"product-price__current-currency\">€</span> \n              </div> \n              <div class=\"product-price__quantity\">\n               1 kg = 0,26 €, 5 kg\n              </div> \n             </div> \n             <a href=\"/produkte/winston/klumpstreu-fuer-katzen/4305615170367.html\" title=\"zur Produktdetailseite\" class=\"teaser-product__title-box\" data-js-atom=\"stateful-link\" data-linkid=\"4305615170367\" onclick=\"econdaView('569880', 'Klumpstreu für Katzen', '1.29', 'NULL', 'Winston');\"> \n              <div id=\"BVRRInlineRatingContainer-4305615170367\" class=\"teaser-product__rating\" data-js-atom=\"bv-integration-inline-rating\"> <div class=\"bv-cleanslate bv-cv2-cleanslate\"> <div data-bv-v=\"ratingItem:12\" class=\"bv-shared bv-core-container-165 bv-rating-top-statistic\">\n <!--[if lt IE 7]> <div class=\"bv-compat bvie6 bvie-lt8 bvie\"> <![endif]--> <!--[if IE 7]> <div class=\"bv-compat bvie7 bvie-lt8 bvie\"> <![endif]--> <!--[if IE 8]> <div class=\"bv-compat bvie8 bvie\"> <![endif]--> <!--[if IE 9]> <div class=\"bv-compat bvie9 bvie\"> <![endif]--> <!--[if gt IE 9]> <!--><div class=\"bv-compat\"> <!--<![endif]--> <div class=\"bv-inline-rating-container\">   <dl class=\"bv-stars-container\" role=\"presentation\">    <dd class=\"bv-rating-ratio\" role=\"presentation\">  <span class=\"bv-rating-stars-container\">   <span class=\"bv-rating-stars bv-rating-stars-off\" aria-hidden=\"true\">  ★★★★★  </span> <span class=\"bv-rating-stars-on bv-rating-stars\" style=\"width:100% !important;\" aria-hidden=\"true\">  ★★★★★  </span>     <span class=\"bv-off-screen\">5 von 5 Sternen. Bewertungen lesen.</span>     </span>  </dd>     </dl>   </div> </div> \n</div> </div></div> <h3 class=\"teaser-product__name\" data-js-module=\"line-limiter\" data-js-options=\"{&quot;lines&quot;: 2}\"><em class=\"teaser-product__brand\">Winston</em> Klumpstreu für Katzen</h3> </a> \n            </div> \n            <div class=\"teaser-product__availability-box\"> \n            </div> \n           </div> \n          </div> \n         </div> \n        </div> \n        <div class=\"slider__item is-1x2\" data-js-atom=\"slider-item\" style=\"left: 100%;\"> \n         <div class=\"c-teaser-product\" data-prd-id=\"139489\" data-prd-price=\"14.99\" data-css=\"c-teaser-product\" data-js-module=\"teaser-product-hover\" data-js-options=\"{&quot;activemediaquery&quot;:&quot;tablet-p,mobile-l,mobile-p&quot;}\"> \n          <div class=\"teaser-product__box\"> \n           <div class=\"teaser-product__inner\"> \n            <a href=\"/produkte/almased/vitalkost/2050000000027.html\" title=\"\" class=\"teaser-product__image-box\" data-js-atom=\"stateful-link\" data-linkid=\"2050000000027\" onclick=\"econdaView('139489', 'Vitalkost', '14.99', 'NULL', 'Almased');\"> <img class=\"teaser-product__image lazyloaded\" src=\"https://media.rossmann-cdn.de/product/205/000/000/2050000000027_E_1_1.png\" data-src=\"https://media.rossmann-cdn.de/product/205/000/000/2050000000027_E_1_1.png\" alt=\"\"> </a> \n            <p class=\"teaser-product__highlight-text\">aus der werbung</p> \n            <div class=\"teaser-product__content\"> \n             <a class=\"teaser-product__cta is-available\" data-js-module=\"lightbox\" title=\"in den Warenkorb\" data-js-options=\"{&quot;id&quot;:0,&quot;modifierClass&quot;:&quot;is-large&quot;,&quot;type&quot;:&quot;ajax&quot;,&quot;url&quot;:&quot;/productOverlay.html?ean=2050000000027&quot;,&quot;destroyClickEvent&quot;:true,&quot;activemediaquery&quot;:&quot;tablet, desktop&quot;}\" data-js-atom=\"stateful-link\" data-linkid=\"2050000000027\" onclick=\"econdaView('139489', 'Vitalkost', '14.99', 'NULL', 'Almased');\"> in den Warenkorb <span class=\"teaser-product__cta-icon\"></span> </a> \n             <div class=\"c-product-price--product-teaser\" data-css=\"c-product-price\"> \n              <div class=\"product-price__old\"> \n               <span class=\"product-price__old-intro\">alter Preis</span> \n               <span class=\"product-price__old-value\">17,99</span> \n               <span class=\"product-price__old-currency\">€</span> \n              </div> \n              <div class=\"product-price__current\"> \n               <span class=\"product-price__current-entity\">14.</span> \n               <span class=\"product-price__current-partial\">99</span> \n               <span class=\"product-price__current-currency\">€</span> \n              </div> \n              <div class=\"product-price__quantity\">\n               1 kg = 29,98 €, 500 g\n              </div> \n             </div> \n             <a href=\"/produkte/almased/vitalkost/2050000000027.html\" title=\"zur Produktdetailseite\" class=\"teaser-product__title-box\" data-js-atom=\"stateful-link\" data-linkid=\"2050000000027\" onclick=\"econdaView('139489', 'Vitalkost', '14.99', 'NULL', 'Almased');\"> \n              <div id=\"BVRRInlineRatingContainer-2050000000027\" class=\"teaser-product__rating\" data-js-atom=\"bv-integration-inline-rating\"> <div class=\"bv-cleanslate bv-cv2-cleanslate\"> <div data-bv-v=\"ratingItem:5\" class=\"bv-shared bv-core-container-165 bv-rating-top-statistic\">\n <!--[if lt IE 7]> <div class=\"bv-compat bvie6 bvie-lt8 bvie\"> <![endif]--> <!--[if IE 7]> <div class=\"bv-compat bvie7 bvie-lt8 bvie\"> <![endif]--> <!--[if IE 8]> <div class=\"bv-compat bvie8 bvie\"> <![endif]--> <!--[if IE 9]> <div class=\"bv-compat bvie9 bvie\"> <![endif]--> <!--[if gt IE 9]> <!--><div class=\"bv-compat\"> <!--<![endif]--> <div class=\"bv-inline-rating-container\">   <dl class=\"bv-stars-container\" role=\"presentation\">    <dd class=\"bv-rating-ratio\" role=\"presentation\">  <span class=\"bv-rating-stars-container\">   <span class=\"bv-rating-stars bv-rating-stars-off\" aria-hidden=\"true\">  ★★★★★  </span> <span class=\"bv-rating-stars-on bv-rating-stars\" style=\"width:96% !important;\" aria-hidden=\"true\">  ★★★★★  </span>     <span class=\"bv-off-screen\">4.8 von 5 Sternen. Bewertungen lesen.</span>     </span>  </dd>     </dl>   </div> </div> \n</div> </div></div> <h3 class=\"teaser-product__name\" data-js-module=\"line-limiter\" data-js-options=\"{&quot;lines&quot;: 2}\"><em class=\"teaser-product__brand\">Almased</em> Vitalkost</h3> </a> \n            </div> \n            <div class=\"teaser-product__availability-box\"> \n            </div> \n           </div> \n          </div> \n         </div> \n        </div> \n        <div class=\"slider__item is-1x2\" data-js-atom=\"slider-item\" style=\"left: 125%;\"> \n         <div class=\"c-teaser-product\" data-prd-id=\"216883\" data-prd-price=\"1.59\" data-css=\"c-teaser-product\" data-js-module=\"teaser-product-hover\" data-js-options=\"{&quot;activemediaquery&quot;:&quot;tablet-p,mobile-l,mobile-p&quot;}\"> \n          <div class=\"teaser-product__box\"> \n           <div class=\"teaser-product__inner\"> \n            <a href=\"/produkte/domol/farb-schmutzfangtuecher/4305615273938.html\" title=\"\" class=\"teaser-product__image-box\" data-js-atom=\"stateful-link\" data-linkid=\"4305615273938\" onclick=\"econdaView('216883', 'Farb- &amp; Schmutzfangtücher', '1.59', 'NULL', 'domol');\"> <img class=\"teaser-product__image lazyloaded\" src=\"https://media.rossmann-cdn.de/product/430/561/527/4305615273938_E_1_1.png\" data-src=\"https://media.rossmann-cdn.de/product/430/561/527/4305615273938_E_1_1.png\" alt=\"\"> </a> \n            <p class=\"teaser-product__highlight-text\">aus der werbung</p> \n            <div class=\"teaser-product__content\"> \n             <a class=\"teaser-product__cta is-available\" data-js-module=\"lightbox\" title=\"in den Warenkorb\" data-js-options=\"{&quot;id&quot;:0,&quot;modifierClass&quot;:&quot;is-large&quot;,&quot;type&quot;:&quot;ajax&quot;,&quot;url&quot;:&quot;/productOverlay.html?ean=4305615273938&quot;,&quot;destroyClickEvent&quot;:true,&quot;activemediaquery&quot;:&quot;tablet, desktop&quot;}\" data-js-atom=\"stateful-link\" data-linkid=\"4305615273938\" onclick=\"econdaView('216883', 'Farb- &amp; Schmutzfangtücher', '1.59', 'NULL', 'domol');\"> in den Warenkorb <span class=\"teaser-product__cta-icon\"></span> </a> \n             <div class=\"c-product-price--product-teaser\" data-css=\"c-product-price\"> \n              <div class=\"product-price__old\"> \n               <span class=\"product-price__old-intro\">alter Preis</span> \n               <span class=\"product-price__old-value\">1,85</span> \n               <span class=\"product-price__old-currency\">€</span> \n              </div> \n              <div class=\"product-price__current\"> \n               <span class=\"product-price__current-entity\">1.</span> \n               <span class=\"product-price__current-partial\">59</span> \n               <span class=\"product-price__current-currency\">€</span> \n              </div> \n              <div class=\"product-price__quantity\">\n               24 Stück\n              </div> \n             </div> \n             <a href=\"/produkte/domol/farb-schmutzfangtuecher/4305615273938.html\" title=\"zur Produktdetailseite\" class=\"teaser-product__title-box\" data-js-atom=\"stateful-link\" data-linkid=\"4305615273938\" onclick=\"econdaView('216883', 'Farb- &amp; Schmutzfangtücher', '1.59', 'NULL', 'domol');\"> \n              <div id=\"BVRRInlineRatingContainer-4305615273938\" class=\"teaser-product__rating\" data-js-atom=\"bv-integration-inline-rating\"> <div class=\"bv-cleanslate bv-cv2-cleanslate\"> <div data-bv-v=\"ratingItem:19\" class=\"bv-shared bv-core-container-165 bv-rating-top-statistic\">\n <!--[if lt IE 7]> <div class=\"bv-compat bvie6 bvie-lt8 bvie\"> <![endif]--> <!--[if IE 7]> <div class=\"bv-compat bvie7 bvie-lt8 bvie\"> <![endif]--> <!--[if IE 8]> <div class=\"bv-compat bvie8 bvie\"> <![endif]--> <!--[if IE 9]> <div class=\"bv-compat bvie9 bvie\"> <![endif]--> <!--[if gt IE 9]> <!--><div class=\"bv-compat\"> <!--<![endif]--> <div class=\"bv-inline-rating-container\">   <dl class=\"bv-stars-container\" role=\"presentation\">    <dd class=\"bv-rating-ratio\" role=\"presentation\">  <span class=\"bv-rating-stars-container\">   <span class=\"bv-rating-stars bv-rating-stars-off\" aria-hidden=\"true\">  ★★★★★  </span> <span class=\"bv-rating-stars-on bv-rating-stars\" style=\"width:100% !important;\" aria-hidden=\"true\">  ★★★★★  </span>     <span class=\"bv-off-screen\">5 von 5 Sternen. Bewertungen lesen.</span>     </span>  </dd>     </dl>   </div> </div> \n</div> </div></div> <h3 class=\"teaser-product__name\" data-js-module=\"line-limiter\" data-js-options=\"{&quot;lines&quot;: 2}\"><em class=\"teaser-product__brand\">domol</em> Farb- &amp; Schmutzfangtücher</h3> </a> \n            </div> \n            <div class=\"teaser-product__availability-box\"> \n            </div> \n           </div> \n          </div> \n         </div> \n        </div> \n        <div class=\"slider__item is-1x2\" data-js-atom=\"slider-item\" style=\"left: 150%;\"> \n         <div class=\"c-teaser-product\" data-prd-id=\"250023\" data-prd-price=\"3.81\" data-css=\"c-teaser-product\" data-js-module=\"teaser-product-hover\" data-js-options=\"{&quot;activemediaquery&quot;:&quot;tablet-p,mobile-l,mobile-p&quot;}\"> \n          <div class=\"teaser-product__box\"> \n           <div class=\"teaser-product__inner\"> \n            <a href=\"/produkte/sebamed/frische-dusche/4103040341013.html\" title=\"\" class=\"teaser-product__image-box\" data-js-atom=\"stateful-link\" data-linkid=\"4103040341013\" onclick=\"econdaView('250023', 'Frische Dusche', '3.81', 'NULL', 'sebamed');\"> <img class=\"teaser-product__image lazyloaded\" src=\"https://media.rossmann-cdn.de/product/410/304/034/4103040341013_E_1_1.png\" data-src=\"https://media.rossmann-cdn.de/product/410/304/034/4103040341013_E_1_1.png\" alt=\"\"> </a> \n            <p class=\"teaser-product__highlight-text\">aus der werbung</p> \n            <div class=\"teaser-product__content\"> \n             <a class=\"teaser-product__cta is-available\" data-js-module=\"lightbox\" title=\"in den Warenkorb\" data-js-options=\"{&quot;id&quot;:0,&quot;modifierClass&quot;:&quot;is-large&quot;,&quot;type&quot;:&quot;ajax&quot;,&quot;url&quot;:&quot;/productOverlay.html?ean=4103040341013&quot;,&quot;destroyClickEvent&quot;:true,&quot;activemediaquery&quot;:&quot;tablet, desktop&quot;}\" data-js-atom=\"stateful-link\" data-linkid=\"4103040341013\" onclick=\"econdaView('250023', 'Frische Dusche', '3.81', 'NULL', 'sebamed');\"> in den Warenkorb <span class=\"teaser-product__cta-icon\"></span> </a> \n             <div class=\"c-product-price--product-teaser\" data-css=\"c-product-price\"> \n              <div class=\"product-price__old\"> \n               <span class=\"product-price__old-intro\">alter Preis</span> \n               <span class=\"product-price__old-value\">4,49</span> \n               <span class=\"product-price__old-currency\">€</span> \n              </div> \n              <div class=\"product-price__current\"> \n               <span class=\"product-price__current-entity\">3.</span> \n               <span class=\"product-price__current-partial\">81</span> \n               <span class=\"product-price__current-currency\">€</span> \n              </div> \n              <div class=\"product-price__quantity\">\n               1 l = 9,53 €, 400 ml\n              </div> \n             </div> \n             <a href=\"/produkte/sebamed/frische-dusche/4103040341013.html\" title=\"zur Produktdetailseite\" class=\"teaser-product__title-box\" data-js-atom=\"stateful-link\" data-linkid=\"4103040341013\" onclick=\"econdaView('250023', 'Frische Dusche', '3.81', 'NULL', 'sebamed');\"> \n              <div id=\"BVRRInlineRatingContainer-4103040341013\" class=\"teaser-product__rating\" data-js-atom=\"bv-integration-inline-rating\"> <div class=\"bv-cleanslate bv-cv2-cleanslate\"> <div data-bv-v=\"ratingItem:31\" class=\"bv-shared bv-core-container-165 bv-rating-top-statistic\">\n <!--[if lt IE 7]> <div class=\"bv-compat bvie6 bvie-lt8 bvie\"> <![endif]--> <!--[if IE 7]> <div class=\"bv-compat bvie7 bvie-lt8 bvie\"> <![endif]--> <!--[if IE 8]> <div class=\"bv-compat bvie8 bvie\"> <![endif]--> <!--[if IE 9]> <div class=\"bv-compat bvie9 bvie\"> <![endif]--> <!--[if gt IE 9]> <!--><div class=\"bv-compat\"> <!--<![endif]--> <div class=\"bv-inline-rating-container\">   <dl class=\"bv-stars-container\" role=\"presentation\">    <dd class=\"bv-rating-ratio\" role=\"presentation\">  <span class=\"bv-rating-stars-container\">   <span class=\"bv-rating-stars bv-rating-stars-off\" aria-hidden=\"true\">  ★★★★★  </span> <span class=\"bv-rating-stars-on bv-rating-stars\" style=\"width:0% !important;\" aria-hidden=\"true\">  ★★★★★  </span>        </span>  </dd>     </dl>   </div> </div> \n</div> </div></div> <h3 class=\"teaser-product__name\" data-js-module=\"line-limiter\" data-js-options=\"{&quot;lines&quot;: 2}\"><em class=\"teaser-product__brand\">sebamed</em> Frische Dusche</h3> </a> \n            </div> \n            <div class=\"teaser-product__availability-box\"> \n            </div> \n           </div> \n          </div> \n         </div> \n        </div> \n        <div class=\"slider__item is-1x2\" data-js-atom=\"slider-item\" style=\"left: 175%;\"> \n         <div class=\"c-teaser-product\" data-prd-id=\"928304\" data-prd-price=\"9.99\" data-css=\"c-teaser-product\" data-js-module=\"teaser-product-hover\" data-js-options=\"{&quot;activemediaquery&quot;:&quot;tablet-p,mobile-l,mobile-p&quot;}\"> \n          <div class=\"teaser-product__box\"> \n           <div class=\"teaser-product__inner\"> \n            <a href=\"/produkte/etienne-aigner-clear-day/woman-eau-de-toilette/4013670168334.html\" title=\"\" class=\"teaser-product__image-box\" data-js-atom=\"stateful-link\" data-linkid=\"4013670168334\" onclick=\"econdaView('928304', 'Woman Eau de Toilette', '9.99', 'NULL', 'Etienne Aigner Clear Day');\"> <img class=\"teaser-product__image lazyload\" src=\"data:image/gif;base64,R0lGODlhAQABAAAAACH5BAEKAAEALAAAAAABAAEAAAICTAEAOw==\" data-src=\"https://media.rossmann-cdn.de/product/401/367/016/4013670168334_E_1_1.png\" alt=\"\"> </a> \n            <p class=\"teaser-product__highlight-text\">aus der werbung</p> \n            <div class=\"teaser-product__content\"> \n             <a class=\"teaser-product__cta is-available\" data-js-module=\"lightbox\" title=\"in den Warenkorb\" data-js-options=\"{&quot;id&quot;:0,&quot;modifierClass&quot;:&quot;is-large&quot;,&quot;type&quot;:&quot;ajax&quot;,&quot;url&quot;:&quot;/productOverlay.html?ean=4013670168334&quot;,&quot;destroyClickEvent&quot;:true,&quot;activemediaquery&quot;:&quot;tablet, desktop&quot;}\" data-js-atom=\"stateful-link\" data-linkid=\"4013670168334\" onclick=\"econdaView('928304', 'Woman Eau de Toilette', '9.99', 'NULL', 'Etienne Aigner Clear Day');\"> in den Warenkorb <span class=\"teaser-product__cta-icon\"></span> </a> \n             <div class=\"c-product-price--product-teaser\" data-css=\"c-product-price\"> \n              <div class=\"product-price__old\"> \n               <span class=\"product-price__old-intro\">alter Preis</span> \n               <span class=\"product-price__old-value\">35,49</span> \n               <span class=\"product-price__old-currency\">€</span> \n              </div> \n              <div class=\"product-price__current\"> \n               <span class=\"product-price__current-entity\">9.</span> \n               <span class=\"product-price__current-partial\">99</span> \n               <span class=\"product-price__current-currency\">€</span> \n              </div> \n              <div class=\"product-price__quantity\">\n               100 ml = 19,98 €, 50 ml\n              </div> \n             </div> \n             <a href=\"/produkte/etienne-aigner-clear-day/woman-eau-de-toilette/4013670168334.html\" title=\"zur Produktdetailseite\" class=\"teaser-product__title-box\" data-js-atom=\"stateful-link\" data-linkid=\"4013670168334\" onclick=\"econdaView('928304', 'Woman Eau de Toilette', '9.99', 'NULL', 'Etienne Aigner Clear Day');\"> \n              <div id=\"BVRRInlineRatingContainer-4013670168334\" class=\"teaser-product__rating\" data-js-atom=\"bv-integration-inline-rating\"> <div class=\"bv-cleanslate bv-cv2-cleanslate\"> <div data-bv-v=\"ratingItem:18\" class=\"bv-shared bv-core-container-165 bv-rating-top-statistic\">\n <!--[if lt IE 7]> <div class=\"bv-compat bvie6 bvie-lt8 bvie\"> <![endif]--> <!--[if IE 7]> <div class=\"bv-compat bvie7 bvie-lt8 bvie\"> <![endif]--> <!--[if IE 8]> <div class=\"bv-compat bvie8 bvie\"> <![endif]--> <!--[if IE 9]> <div class=\"bv-compat bvie9 bvie\"> <![endif]--> <!--[if gt IE 9]> <!--><div class=\"bv-compat\"> <!--<![endif]--> <div class=\"bv-inline-rating-container\">   <dl class=\"bv-stars-container\" role=\"presentation\">    <dd class=\"bv-rating-ratio\" role=\"presentation\">  <span class=\"bv-rating-stars-container\">   <span class=\"bv-rating-stars bv-rating-stars-off\" aria-hidden=\"true\">  ★★★★★  </span> <span class=\"bv-rating-stars-on bv-rating-stars\" style=\"width:100% !important;\" aria-hidden=\"true\">  ★★★★★  </span>     <span class=\"bv-off-screen\">5 von 5 Sternen. Bewertungen lesen.</span>     </span>  </dd>     </dl>   </div> </div> \n</div> </div></div> <h3 class=\"teaser-product__name\" data-js-module=\"line-limiter\" data-js-options=\"{&quot;lines&quot;: 2}\"><em class=\"teaser-product__brand\">Etienne Aigner Clear Day</em> Woman Eau de Toilette</h3> </a> \n            </div> \n            <div class=\"teaser-product__availability-box\"> \n            </div> \n           </div> \n          </div> \n         </div> \n        </div> \n        <div class=\"slider__item is-1x2\" data-js-atom=\"slider-item\" style=\"left: 200%;\"> \n         <div class=\"c-teaser-product\" data-prd-id=\"008407\" data-prd-price=\"39.99\" data-css=\"c-teaser-product\" data-js-module=\"teaser-product-hover\" data-js-options=\"{&quot;activemediaquery&quot;:&quot;tablet-p,mobile-l,mobile-p&quot;}\"> \n          <div class=\"teaser-product__box\"> \n           <div class=\"teaser-product__inner\"> \n            <a href=\"/produkte/medela/hand-milchpumpe-harmony/7612367044752.html\" title=\"\" class=\"teaser-product__image-box\" data-js-atom=\"stateful-link\" data-linkid=\"7612367044752\" onclick=\"econdaView('008407', 'Hand-Milchpumpe Harmony', '39.99', 'NULL', 'medela');\"> <img class=\"teaser-product__image lazyload\" src=\"data:image/gif;base64,R0lGODlhAQABAAAAACH5BAEKAAEALAAAAAABAAEAAAICTAEAOw==\" data-src=\"https://media.rossmann-cdn.de/product/761/236/704/7612367044752_E_1_1.png\" alt=\"\"> </a> \n            <p class=\"teaser-product__highlight-text\">aus der werbung</p> \n            <div class=\"teaser-product__content\"> \n             <a class=\"teaser-product__cta is-available\" data-js-module=\"lightbox\" title=\"in den Warenkorb\" data-js-options=\"{&quot;id&quot;:0,&quot;modifierClass&quot;:&quot;is-large&quot;,&quot;type&quot;:&quot;ajax&quot;,&quot;url&quot;:&quot;/productOverlay.html?ean=7612367044752&quot;,&quot;destroyClickEvent&quot;:true,&quot;activemediaquery&quot;:&quot;tablet, desktop&quot;}\" data-js-atom=\"stateful-link\" data-linkid=\"7612367044752\" onclick=\"econdaView('008407', 'Hand-Milchpumpe Harmony', '39.99', 'NULL', 'medela');\"> in den Warenkorb <span class=\"teaser-product__cta-icon\"></span> </a> \n             <div class=\"c-product-price--product-teaser\" data-css=\"c-product-price\"> \n              <div class=\"product-price__old\"> \n               <span class=\"product-price__old-intro\">alter Preis</span> \n               <span class=\"product-price__old-value\">49,90</span> \n               <span class=\"product-price__old-currency\">€</span> \n               <span class=\"product-price__old-addon\"> <abbr title=\"Unverbindliche Preisempfehlung\">UVP¹</abbr></span> \n              </div> \n              <div class=\"product-price__current\"> \n               <span class=\"product-price__current-entity\">39.</span> \n               <span class=\"product-price__current-partial\">99</span> \n               <span class=\"product-price__current-currency\">€</span> \n              </div> \n              <div class=\"product-price__quantity\">\n               1 Set\n              </div> \n             </div> \n             <a href=\"/produkte/medela/hand-milchpumpe-harmony/7612367044752.html\" title=\"zur Produktdetailseite\" class=\"teaser-product__title-box\" data-js-atom=\"stateful-link\" data-linkid=\"7612367044752\" onclick=\"econdaView('008407', 'Hand-Milchpumpe Harmony', '39.99', 'NULL', 'medela');\"> \n              <div id=\"BVRRInlineRatingContainer-7612367044752\" class=\"teaser-product__rating\" data-js-atom=\"bv-integration-inline-rating\"> <div class=\"bv-cleanslate bv-cv2-cleanslate\"> <div data-bv-v=\"ratingItem:14\" class=\"bv-shared bv-core-container-165 bv-rating-top-statistic\">\n <!--[if lt IE 7]> <div class=\"bv-compat bvie6 bvie-lt8 bvie\"> <![endif]--> <!--[if IE 7]> <div class=\"bv-compat bvie7 bvie-lt8 bvie\"> <![endif]--> <!--[if IE 8]> <div class=\"bv-compat bvie8 bvie\"> <![endif]--> <!--[if IE 9]> <div class=\"bv-compat bvie9 bvie\"> <![endif]--> <!--[if gt IE 9]> <!--><div class=\"bv-compat\"> <!--<![endif]--> <div class=\"bv-inline-rating-container\">   <dl class=\"bv-stars-container\" role=\"presentation\">    <dd class=\"bv-rating-ratio\" role=\"presentation\">  <span class=\"bv-rating-stars-container\">   <span class=\"bv-rating-stars bv-rating-stars-off\" aria-hidden=\"true\">  ★★★★★  </span> <span class=\"bv-rating-stars-on bv-rating-stars\" style=\"width:0% !important;\" aria-hidden=\"true\">  ★★★★★  </span>        </span>  </dd>     </dl>   </div> </div> \n</div> </div></div> <h3 class=\"teaser-product__name\" data-js-module=\"line-limiter\" data-js-options=\"{&quot;lines&quot;: 2}\"><em class=\"teaser-product__brand\">medela</em> Hand-Milchpumpe Harmony</h3> </a> \n            </div> \n            <div class=\"teaser-product__availability-box\"> \n             <div class=\"teaser-product__availability-item is-online-only\">\n              nur online erhältlich\n             </div> \n            </div> \n           </div> \n          </div> \n         </div> \n        </div> \n        <div class=\"slider__item is-1x2\" data-js-atom=\"slider-item\" style=\"left: 225%;\"> \n         <div class=\"c-teaser-product\" data-prd-id=\"010585\" data-prd-price=\"13.99\" data-css=\"c-teaser-product\" data-js-module=\"teaser-product-hover\" data-js-options=\"{&quot;activemediaquery&quot;:&quot;tablet-p,mobile-l,mobile-p&quot;}\"> \n          <div class=\"teaser-product__box\"> \n           <div class=\"teaser-product__inner\"> \n            <a href=\"/produkte/tinti/18-tlg-schatztruhe-badespass/4030651035737.html\" title=\"\" class=\"teaser-product__image-box\" data-js-atom=\"stateful-link\" data-linkid=\"4030651035737\" onclick=\"econdaView('010585', '18-tlg. Schatztruhe Badespaß', '13.99', 'NULL', 'Tinti');\"> <img class=\"teaser-product__image lazyload\" src=\"data:image/gif;base64,R0lGODlhAQABAAAAACH5BAEKAAEALAAAAAABAAEAAAICTAEAOw==\" data-src=\"https://media.rossmann-cdn.de/product/403/065/103/4030651035737_E_1_1.png\" alt=\"\"> </a> \n            <p class=\"teaser-product__highlight-text\">aus der werbung</p> \n            <div class=\"teaser-product__content\"> \n             <a class=\"teaser-product__cta is-available\" data-js-module=\"lightbox\" title=\"in den Warenkorb\" data-js-options=\"{&quot;id&quot;:0,&quot;modifierClass&quot;:&quot;is-large&quot;,&quot;type&quot;:&quot;ajax&quot;,&quot;url&quot;:&quot;/productOverlay.html?ean=4030651035737&quot;,&quot;destroyClickEvent&quot;:true,&quot;activemediaquery&quot;:&quot;tablet, desktop&quot;}\" data-js-atom=\"stateful-link\" data-linkid=\"4030651035737\" onclick=\"econdaView('010585', '18-tlg. Schatztruhe Badespaß', '13.99', 'NULL', 'Tinti');\"> in den Warenkorb <span class=\"teaser-product__cta-icon\"></span> </a> \n             <div class=\"c-product-price--product-teaser\" data-css=\"c-product-price\"> \n              <div class=\"product-price__current\"> \n               <span class=\"product-price__current-entity\">13.</span> \n               <span class=\"product-price__current-partial\">99</span> \n               <span class=\"product-price__current-currency\">€</span> \n              </div> \n              <div class=\"product-price__quantity\">\n               1 Set\n              </div> \n             </div> \n             <a href=\"/produkte/tinti/18-tlg-schatztruhe-badespass/4030651035737.html\" title=\"zur Produktdetailseite\" class=\"teaser-product__title-box\" data-js-atom=\"stateful-link\" data-linkid=\"4030651035737\" onclick=\"econdaView('010585', '18-tlg. Schatztruhe Badespaß', '13.99', 'NULL', 'Tinti');\"> \n              <div id=\"BVRRInlineRatingContainer-4030651035737\" class=\"teaser-product__rating\" data-js-atom=\"bv-integration-inline-rating\"> <div class=\"bv-cleanslate bv-cv2-cleanslate\"> <div data-bv-v=\"ratingItem:17\" class=\"bv-shared bv-core-container-165 bv-rating-top-statistic\">\n <!--[if lt IE 7]> <div class=\"bv-compat bvie6 bvie-lt8 bvie\"> <![endif]--> <!--[if IE 7]> <div class=\"bv-compat bvie7 bvie-lt8 bvie\"> <![endif]--> <!--[if IE 8]> <div class=\"bv-compat bvie8 bvie\"> <![endif]--> <!--[if IE 9]> <div class=\"bv-compat bvie9 bvie\"> <![endif]--> <!--[if gt IE 9]> <!--><div class=\"bv-compat\"> <!--<![endif]--> <div class=\"bv-inline-rating-container\">   <dl class=\"bv-stars-container\" role=\"presentation\">    <dd class=\"bv-rating-ratio\" role=\"presentation\">  <span class=\"bv-rating-stars-container\">   <span class=\"bv-rating-stars bv-rating-stars-off\" aria-hidden=\"true\">  ★★★★★  </span> <span class=\"bv-rating-stars-on bv-rating-stars\" style=\"width:0% !important;\" aria-hidden=\"true\">  ★★★★★  </span>        </span>  </dd>     </dl>   </div> </div> \n</div> </div></div> <h3 class=\"teaser-product__name\" data-js-module=\"line-limiter\" data-js-options=\"{&quot;lines&quot;: 2}\"><em class=\"teaser-product__brand\">Tinti</em> 18-tlg. Schatztruhe Badespaß</h3> </a> \n            </div> \n            <div class=\"teaser-product__availability-box\"> \n             <div class=\"teaser-product__availability-item is-online-only\">\n              nur online erhältlich\n             </div> \n            </div> \n           </div> \n          </div> \n         </div> \n        </div> \n        <div class=\"slider__item is-1x2\" data-js-atom=\"slider-item\" style=\"left: 250%;\"> \n         <div class=\"c-teaser-product\" data-prd-id=\"010712\" data-prd-price=\"12.99\" data-css=\"c-teaser-product\" data-js-module=\"teaser-product-hover\" data-js-options=\"{&quot;activemediaquery&quot;:&quot;tablet-p,mobile-l,mobile-p&quot;}\"> \n          <div class=\"teaser-product__box\"> \n           <div class=\"teaser-product__inner\"> \n            <a href=\"/produkte/big/baby-potty/4004943568012.html\" title=\"\" class=\"teaser-product__image-box\" data-js-atom=\"stateful-link\" data-linkid=\"4004943568012\" onclick=\"econdaView('010712', 'Baby Potty', '12.99', 'NULL', 'BIG');\"> <img class=\"teaser-product__image lazyload\" src=\"data:image/gif;base64,R0lGODlhAQABAAAAACH5BAEKAAEALAAAAAABAAEAAAICTAEAOw==\" data-src=\"https://media.rossmann-cdn.de/product/400/494/356/4004943568012_E_1_1.png\" alt=\"\"> </a> \n            <p class=\"teaser-product__highlight-text\">aus der werbung</p> \n            <div class=\"teaser-product__content\"> \n             <a class=\"teaser-product__cta is-available\" data-js-module=\"lightbox\" title=\"in den Warenkorb\" data-js-options=\"{&quot;id&quot;:0,&quot;modifierClass&quot;:&quot;is-large&quot;,&quot;type&quot;:&quot;ajax&quot;,&quot;url&quot;:&quot;/productOverlay.html?ean=4004943568012&quot;,&quot;destroyClickEvent&quot;:true,&quot;activemediaquery&quot;:&quot;tablet, desktop&quot;}\" data-js-atom=\"stateful-link\" data-linkid=\"4004943568012\" onclick=\"econdaView('010712', 'Baby Potty', '12.99', 'NULL', 'BIG');\"> in den Warenkorb <span class=\"teaser-product__cta-icon\"></span> </a> \n             <div class=\"c-product-price--product-teaser\" data-css=\"c-product-price\"> \n              <div class=\"product-price__old\"> \n               <span class=\"product-price__old-intro\">alter Preis</span> \n               <span class=\"product-price__old-value\">17,50</span> \n               <span class=\"product-price__old-currency\">€</span> \n               <span class=\"product-price__old-addon\"> <abbr title=\"Unverbindliche Preisempfehlung\">UVP¹</abbr></span> \n              </div> \n              <div class=\"product-price__current\"> \n               <span class=\"product-price__current-entity\">12.</span> \n               <span class=\"product-price__current-partial\">99</span> \n               <span class=\"product-price__current-currency\">€</span> \n              </div> \n              <div class=\"product-price__quantity\">\n               1 Stück\n              </div> \n             </div> \n             <a href=\"/produkte/big/baby-potty/4004943568012.html\" title=\"zur Produktdetailseite\" class=\"teaser-product__title-box\" data-js-atom=\"stateful-link\" data-linkid=\"4004943568012\" onclick=\"econdaView('010712', 'Baby Potty', '12.99', 'NULL', 'BIG');\"> \n              <div id=\"BVRRInlineRatingContainer-4004943568012\" class=\"teaser-product__rating\" data-js-atom=\"bv-integration-inline-rating\"> <div class=\"bv-cleanslate bv-cv2-cleanslate\"> <div data-bv-v=\"ratingItem:10\" class=\"bv-shared bv-core-container-165 bv-rating-top-statistic\">\n <!--[if lt IE 7]> <div class=\"bv-compat bvie6 bvie-lt8 bvie\"> <![endif]--> <!--[if IE 7]> <div class=\"bv-compat bvie7 bvie-lt8 bvie\"> <![endif]--> <!--[if IE 8]> <div class=\"bv-compat bvie8 bvie\"> <![endif]--> <!--[if IE 9]> <div class=\"bv-compat bvie9 bvie\"> <![endif]--> <!--[if gt IE 9]> <!--><div class=\"bv-compat\"> <!--<![endif]--> <div class=\"bv-inline-rating-container\">   <dl class=\"bv-stars-container\" role=\"presentation\">    <dd class=\"bv-rating-ratio\" role=\"presentation\">  <span class=\"bv-rating-stars-container\">   <span class=\"bv-rating-stars bv-rating-stars-off\" aria-hidden=\"true\">  ★★★★★  </span> <span class=\"bv-rating-stars-on bv-rating-stars\" style=\"width:0% !important;\" aria-hidden=\"true\">  ★★★★★  </span>        </span>  </dd>     </dl>   </div> </div> \n</div> </div></div> <h3 class=\"teaser-product__name\" data-js-module=\"line-limiter\" data-js-options=\"{&quot;lines&quot;: 2}\"><em class=\"teaser-product__brand\">BIG</em> Baby Potty</h3> </a> \n            </div> \n            <div class=\"teaser-product__availability-box\"> \n             <div class=\"teaser-product__availability-item is-online-only\">\n              nur online erhältlich\n             </div> \n            </div> \n           </div> \n          </div> \n         </div> \n        </div> \n        <div class=\"slider__item is-1x2\" data-js-atom=\"slider-item\" style=\"left: 275%;\"> \n         <div class=\"c-teaser-product\" data-prd-id=\"519335\" data-prd-price=\"34.99\" data-css=\"c-teaser-product\" data-js-module=\"teaser-product-hover\" data-js-options=\"{&quot;activemediaquery&quot;:&quot;tablet-p,mobile-l,mobile-p&quot;}\"> \n          <div class=\"teaser-product__box\"> \n           <div class=\"teaser-product__inner\"> \n            <a href=\"/produkte/ferbedo/rutscher-tigerente/4001741502224.html\" title=\"\" class=\"teaser-product__image-box\" data-js-atom=\"stateful-link\" data-linkid=\"4001741502224\" onclick=\"econdaView('519335', 'Rutscher &quot;Tigerente&quot;', '34.99', 'NULL', 'Ferbedo');\"> <img class=\"teaser-product__image lazyload\" src=\"data:image/gif;base64,R0lGODlhAQABAAAAACH5BAEKAAEALAAAAAABAAEAAAICTAEAOw==\" data-src=\"https://media.rossmann-cdn.de/product/400/174/150/4001741502224_E_1_1.png\" alt=\"\"> </a> \n            <p class=\"teaser-product__highlight-text\">aus der werbung</p> \n            <div class=\"teaser-product__content\"> \n             <a class=\"teaser-product__cta is-available\" data-js-module=\"lightbox\" title=\"in den Warenkorb\" data-js-options=\"{&quot;id&quot;:0,&quot;modifierClass&quot;:&quot;is-large&quot;,&quot;type&quot;:&quot;ajax&quot;,&quot;url&quot;:&quot;/productOverlay.html?ean=4001741502224&quot;,&quot;destroyClickEvent&quot;:true,&quot;activemediaquery&quot;:&quot;tablet, desktop&quot;}\" data-js-atom=\"stateful-link\" data-linkid=\"4001741502224\" onclick=\"econdaView('519335', 'Rutscher &quot;Tigerente&quot;', '34.99', 'NULL', 'Ferbedo');\"> in den Warenkorb <span class=\"teaser-product__cta-icon\"></span> </a> \n             <div class=\"c-product-price--product-teaser\" data-css=\"c-product-price\"> \n              <div class=\"product-price__old\"> \n               <span class=\"product-price__old-intro\">alter Preis</span> \n               <span class=\"product-price__old-value\">39,95</span> \n               <span class=\"product-price__old-currency\">€</span> \n               <span class=\"product-price__old-addon\"> <abbr title=\"Unverbindliche Preisempfehlung\">UVP¹</abbr></span> \n              </div> \n              <div class=\"product-price__current\"> \n               <span class=\"product-price__current-entity\">34.</span> \n               <span class=\"product-price__current-partial\">99</span> \n               <span class=\"product-price__current-currency\">€</span> \n              </div> \n              <div class=\"product-price__quantity\">\n               1 Stück\n              </div> \n             </div> \n             <a href=\"/produkte/ferbedo/rutscher-tigerente/4001741502224.html\" title=\"zur Produktdetailseite\" class=\"teaser-product__title-box\" data-js-atom=\"stateful-link\" data-linkid=\"4001741502224\" onclick=\"econdaView('519335', 'Rutscher &quot;Tigerente&quot;', '34.99', 'NULL', 'Ferbedo');\"> \n              <div id=\"BVRRInlineRatingContainer-4001741502224\" class=\"teaser-product__rating\" data-js-atom=\"bv-integration-inline-rating\"> <div class=\"bv-cleanslate bv-cv2-cleanslate\"> <div data-bv-v=\"ratingItem:23\" class=\"bv-shared bv-core-container-165 bv-rating-top-statistic\">\n <!--[if lt IE 7]> <div class=\"bv-compat bvie6 bvie-lt8 bvie\"> <![endif]--> <!--[if IE 7]> <div class=\"bv-compat bvie7 bvie-lt8 bvie\"> <![endif]--> <!--[if IE 8]> <div class=\"bv-compat bvie8 bvie\"> <![endif]--> <!--[if IE 9]> <div class=\"bv-compat bvie9 bvie\"> <![endif]--> <!--[if gt IE 9]> <!--><div class=\"bv-compat\"> <!--<![endif]--> <div class=\"bv-inline-rating-container\">   <dl class=\"bv-stars-container\" role=\"presentation\">    <dd class=\"bv-rating-ratio\" role=\"presentation\">  <span class=\"bv-rating-stars-container\">   <span class=\"bv-rating-stars bv-rating-stars-off\" aria-hidden=\"true\">  ★★★★★  </span> <span class=\"bv-rating-stars-on bv-rating-stars\" style=\"width:84% !important;\" aria-hidden=\"true\">  ★★★★★  </span>     <span class=\"bv-off-screen\">4.2 von 5 Sternen. Bewertungen lesen.</span>     </span>  </dd>     </dl>   </div> </div> \n</div> </div></div> <h3 class=\"teaser-product__name\" data-js-module=\"line-limiter\" data-js-options=\"{&quot;lines&quot;: 2}\"><em class=\"teaser-product__brand\">Ferbedo</em> Rutscher \"Tigerente\"</h3> </a> \n            </div> \n            <div class=\"teaser-product__availability-box\"> \n             <div class=\"teaser-product__availability-item is-online-only\">\n              nur online erhältlich\n             </div> \n            </div> \n           </div> \n          </div> \n         </div> \n        </div> \n       </div> \n      </div> \n      <div class=\"slider__controls\"> \n       <div class=\"slider__pagination\" data-js-atom=\"pagination\" data-js-ref=\"#\"> \n        <ul class=\"slider__pagination-list\" data-js-atom=\"pagination-list\" style=\"visibility: visible;\"><li class=\"slider__pagination-item is-active\" data-js-atom=\"pagination-list-item\"></li><li class=\"slider__pagination-item\" data-js-atom=\"pagination-list-item\"></li><li class=\"slider__pagination-item\" data-js-atom=\"pagination-list-item\"></li></ul> \n       </div> \n       <div class=\"slider__navigation\"> \n        <button class=\"slider__navigation-prev\" data-js-atom=\"navigation-prev\" style=\"display: none;\"> <span class=\"slider__navigation-icon\">Vorher</span> </button> \n        <button class=\"slider__navigation-next\" data-js-atom=\"navigation-next\"> <span class=\"slider__navigation-icon\">Weiter</span> </button> \n       </div> \n      </div> \n     </div> \n     <a class=\"show-all__button\" href=\"https://www.rossmann.de/einkaufsportal/angebote/aktuelle-werbung.html\" title=\"alle Angebote\">alle Angebote</a> \n    </div> \n   </section> \n   <section class=\"c-teaser-group--highlighted\" data-css=\"c-teaser-group\"> \n    <div class=\"teaser-group__inner\"> \n     <h2 class=\"teaser-group__headline\">Unsere Empfehlung</h2> \n     <div class=\"teaser-group__box none\"> \n      <div class=\"teaser-group__item is-2x2\"> \n       <div class=\"c-teaser\" data-css=\"c-teaser\" data-js-module=\"teaser-hover\"> \n        <a class=\"teaser__linkbox\" href=\"https://www.rossmann.de/einkaufsportal/angebote/produktempfehlungen~ff_campaign=sonstige-zugabe-aktion-dove~.html\"> \n         <div class=\"teaser__image-box\"> \n          <picture class=\"c-picture\" data-css=\"c-picture\"> \n           <source srcset=\"https://www.rossmann-cdn.de/.imaging/stk/einkaufsportal/2x2teaser_320/dam/einkaufsportal/angebote/Aktionen/Zugabe-Aktion/dove/Teaser_dove_Muttertag_646x646.jpg/jcr:content/170406_UL_Dove_Muttertagspromotion_Rossmann.de_646x646_Teaser.jpg.2017-04-10-14-17-42.jpg 1x,https://www.rossmann-cdn.de/.imaging/stk/einkaufsportal/2x2teaser_320x2/dam/einkaufsportal/angebote/Aktionen/Zugabe-Aktion/dove/Teaser_dove_Muttertag_646x646.jpg/jcr:content/170406_UL_Dove_Muttertagspromotion_Rossmann.de_646x646_Teaser.jpg.2017-04-10-14-17-42.jpg 2x\" media=\"(max-width: 320px)\"> \n           <source srcset=\"https://www.rossmann-cdn.de/.imaging/stk/einkaufsportal/2x2teaser_479/dam/einkaufsportal/angebote/Aktionen/Zugabe-Aktion/dove/Teaser_dove_Muttertag_646x646.jpg/jcr:content/170406_UL_Dove_Muttertagspromotion_Rossmann.de_646x646_Teaser.jpg.2017-04-10-14-17-42.jpg 1x,https://www.rossmann-cdn.de/.imaging/stk/einkaufsportal/2x2teaser_479x2/dam/einkaufsportal/angebote/Aktionen/Zugabe-Aktion/dove/Teaser_dove_Muttertag_646x646.jpg/jcr:content/170406_UL_Dove_Muttertagspromotion_Rossmann.de_646x646_Teaser.jpg.2017-04-10-14-17-42.jpg 2x\" media=\"(max-width: 479px)\"> \n           <source srcset=\"https://www.rossmann-cdn.de/.imaging/stk/einkaufsportal/2x2teaser_1024/dam/einkaufsportal/angebote/Aktionen/Zugabe-Aktion/dove/Teaser_dove_Muttertag_646x646.jpg/jcr:content/170406_UL_Dove_Muttertagspromotion_Rossmann.de_646x646_Teaser.jpg.2017-04-10-14-17-42.jpg 1x,https://www.rossmann-cdn.de/.imaging/stk/einkaufsportal/2x2teaser_1024x2/dam/einkaufsportal/angebote/Aktionen/Zugabe-Aktion/dove/Teaser_dove_Muttertag_646x646.jpg/jcr:content/170406_UL_Dove_Muttertagspromotion_Rossmann.de_646x646_Teaser.jpg.2017-04-10-14-17-42.jpg 2x\" media=\"(max-width: 1024px)\"> \n           <img class=\"picture__image\" src=\"https://www.rossmann-cdn.de/.imaging/stk/einkaufsportal/2x2teaser/dam/einkaufsportal/angebote/Aktionen/Zugabe-Aktion/dove/Teaser_dove_Muttertag_646x646.jpg/jcr:content/170406_UL_Dove_Muttertagspromotion_Rossmann.de_646x646_Teaser.jpg.2017-04-10-14-17-42.2017-04-10-14-17-42.jpg\" alt=\"\"> \n          </picture> \n         </div> \n         <div class=\"teaser__text-box \"> \n          <div class=\"teaser__text-box-inner\"> \n           <h2 class=\"teaser__headline\"> Dove Cremeseife gratis⁵</h2> \n          </div> \n         </div> </a> \n       </div> \n      </div> \n     </div> \n     <div class=\"teaser-group__box none\"> \n      <div class=\"teaser-group__item is-1x2\"> \n       <div class=\"c-teaser-product\" data-prd-id=\"007069\" data-prd-price=\"1.35\" data-css=\"c-teaser-product\" data-js-module=\"teaser-product-hover\" data-js-options=\"{&quot;activemediaquery&quot;:&quot;tablet-p,mobile-l,mobile-p&quot;}\"> \n        <div class=\"teaser-product__box\"> \n         <div class=\"teaser-product__inner\"> \n          <a href=\"/produkte/dove/pflege-gemeimnisse-wohltuendes-ritual-pflegedusche/8710908882838.html\" title=\"\" class=\"teaser-product__image-box\" data-js-atom=\"stateful-link\" data-linkid=\"8710908882838\" onclick=\"econdaView('007069', 'Pflege Gemeimnisse wohltuendes Ritual Pflegedusche', '1.35', 'NULL', 'Dove');\"> <img class=\"teaser-product__image lazyload\" src=\"data:image/gif;base64,R0lGODlhAQABAAAAACH5BAEKAAEALAAAAAABAAEAAAICTAEAOw==\" data-src=\"https://media.rossmann-cdn.de/product/871/090/888/8710908882838_E_1_1.png\" alt=\"\"> </a> \n          <p class=\"teaser-product__highlight-text\">neu</p> \n          <div class=\"teaser-product__content\"> \n           <a class=\"teaser-product__cta is-not-available\" href=\"/produkte/dove/pflege-gemeimnisse-wohltuendes-ritual-pflegedusche/8710908882838.html\" data-js-atom=\"stateful-link\" data-linkid=\"8710908882838\" onclick=\"econdaView('007069', 'Pflege Gemeimnisse wohltuendes Ritual Pflegedusche', '1.35', 'NULL', 'Dove');\"> <span class=\"teaser-product__cta-icon\"></span> </a> \n           <div class=\"c-product-price--product-teaser\" data-css=\"c-product-price\"> \n            <div class=\"product-price__current\"> \n             <span class=\"product-price__current-entity\">1.</span> \n             <span class=\"product-price__current-partial\">35</span> \n             <span class=\"product-price__current-currency\">€</span> \n            </div> \n            <div class=\"product-price__quantity\">\n             100 ml = 0,54 €, 250 ml\n            </div> \n            <div class=\"product-price__addon\">\n              In Kürze wieder verfügbar. \n            </div> \n           </div> \n           <a href=\"/produkte/dove/pflege-gemeimnisse-wohltuendes-ritual-pflegedusche/8710908882838.html\" title=\"zur Produktdetailseite\" class=\"teaser-product__title-box\" data-js-atom=\"stateful-link\" data-linkid=\"8710908882838\" onclick=\"econdaView('007069', 'Pflege Gemeimnisse wohltuendes Ritual Pflegedusche', '1.35', 'NULL', 'Dove');\"> \n            <div id=\"BVRRInlineRatingContainer-8710908882838\" class=\"teaser-product__rating\" data-js-atom=\"bv-integration-inline-rating\"> <div class=\"bv-cleanslate bv-cv2-cleanslate\"> <div data-bv-v=\"ratingItem:9\" class=\"bv-shared bv-core-container-165 bv-rating-top-statistic\">\n <!--[if lt IE 7]> <div class=\"bv-compat bvie6 bvie-lt8 bvie\"> <![endif]--> <!--[if IE 7]> <div class=\"bv-compat bvie7 bvie-lt8 bvie\"> <![endif]--> <!--[if IE 8]> <div class=\"bv-compat bvie8 bvie\"> <![endif]--> <!--[if IE 9]> <div class=\"bv-compat bvie9 bvie\"> <![endif]--> <!--[if gt IE 9]> <!--><div class=\"bv-compat\"> <!--<![endif]--> <div class=\"bv-inline-rating-container\">   <dl class=\"bv-stars-container\" role=\"presentation\">    <dd class=\"bv-rating-ratio\" role=\"presentation\">  <span class=\"bv-rating-stars-container\">   <span class=\"bv-rating-stars bv-rating-stars-off\" aria-hidden=\"true\">  ★★★★★  </span> <span class=\"bv-rating-stars-on bv-rating-stars\" style=\"width:0% !important;\" aria-hidden=\"true\">  ★★★★★  </span>        </span>  </dd>     </dl>   </div> </div> \n</div> </div></div> <h3 class=\"teaser-product__name\" data-js-module=\"line-limiter\" data-js-options=\"{&quot;lines&quot;: 2}\"><em class=\"teaser-product__brand\">Dove</em> Pflege Gemeimnisse wohltuendes Ritual…</h3> </a> \n          </div> \n          <div class=\"teaser-product__availability-box\"> \n          </div> \n         </div> \n        </div> \n       </div> \n      </div> \n      <div class=\"teaser-group__item is-1x2\"> \n       <div class=\"c-teaser-product\" data-prd-id=\"006173\" data-prd-price=\"2.59\" data-css=\"c-teaser-product\" data-js-module=\"teaser-product-hover\" data-js-options=\"{&quot;activemediaquery&quot;:&quot;tablet-p,mobile-l,mobile-p&quot;}\"> \n        <div class=\"teaser-product__box\"> \n         <div class=\"teaser-product__inner\"> \n          <a href=\"/produkte/dove/reichhaltige-pflege-body-milk/8710908768507.html\" title=\"\" class=\"teaser-product__image-box\" data-js-atom=\"stateful-link\" data-linkid=\"8710908768507\" onclick=\"econdaView('006173', 'reichhaltige Pflege Body Milk', '2.59', 'NULL', 'Dove');\"> <img class=\"teaser-product__image lazyload\" src=\"data:image/gif;base64,R0lGODlhAQABAAAAACH5BAEKAAEALAAAAAABAAEAAAICTAEAOw==\" data-src=\"https://media.rossmann-cdn.de/product/871/090/876/8710908768507_E_1_1.png\" alt=\"\"> </a> \n          <p class=\"teaser-product__highlight-text\">aus der werbung</p> \n          <div class=\"teaser-product__content\"> \n           <a class=\"teaser-product__cta is-available\" data-js-module=\"lightbox\" title=\"in den Warenkorb\" data-js-options=\"{&quot;id&quot;:0,&quot;modifierClass&quot;:&quot;is-large&quot;,&quot;type&quot;:&quot;ajax&quot;,&quot;url&quot;:&quot;/productOverlay.html?ean=8710908768507&quot;,&quot;destroyClickEvent&quot;:true,&quot;activemediaquery&quot;:&quot;tablet, desktop&quot;}\" data-js-atom=\"stateful-link\" data-linkid=\"8710908768507\" onclick=\"econdaView('006173', 'reichhaltige Pflege Body Milk', '2.59', 'NULL', 'Dove');\"> in den Warenkorb <span class=\"teaser-product__cta-icon\"></span> </a> \n           <div class=\"c-product-price--product-teaser\" data-css=\"c-product-price\"> \n            <div class=\"product-price__old\"> \n             <span class=\"product-price__old-intro\">alter Preis</span> \n             <span class=\"product-price__old-value\">2,85</span> \n             <span class=\"product-price__old-currency\">€</span> \n            </div> \n            <div class=\"product-price__current\"> \n             <span class=\"product-price__current-entity\">2.</span> \n             <span class=\"product-price__current-partial\">59</span> \n             <span class=\"product-price__current-currency\">€</span> \n            </div> \n            <div class=\"product-price__quantity\">\n             1 l = 6,48 €, 400 ml\n            </div> \n           </div> \n           <a href=\"/produkte/dove/reichhaltige-pflege-body-milk/8710908768507.html\" title=\"zur Produktdetailseite\" class=\"teaser-product__title-box\" data-js-atom=\"stateful-link\" data-linkid=\"8710908768507\" onclick=\"econdaView('006173', 'reichhaltige Pflege Body Milk', '2.59', 'NULL', 'Dove');\"> \n            <div id=\"BVRRInlineRatingContainer-8710908768507\" class=\"teaser-product__rating\" data-js-atom=\"bv-integration-inline-rating\"> <div class=\"bv-cleanslate bv-cv2-cleanslate\"> <div data-bv-v=\"ratingItem:30\" class=\"bv-shared bv-core-container-165 bv-rating-top-statistic\">\n <!--[if lt IE 7]> <div class=\"bv-compat bvie6 bvie-lt8 bvie\"> <![endif]--> <!--[if IE 7]> <div class=\"bv-compat bvie7 bvie-lt8 bvie\"> <![endif]--> <!--[if IE 8]> <div class=\"bv-compat bvie8 bvie\"> <![endif]--> <!--[if IE 9]> <div class=\"bv-compat bvie9 bvie\"> <![endif]--> <!--[if gt IE 9]> <!--><div class=\"bv-compat\"> <!--<![endif]--> <div class=\"bv-inline-rating-container\">   <dl class=\"bv-stars-container\" role=\"presentation\">    <dd class=\"bv-rating-ratio\" role=\"presentation\">  <span class=\"bv-rating-stars-container\">   <span class=\"bv-rating-stars bv-rating-stars-off\" aria-hidden=\"true\">  ★★★★★  </span> <span class=\"bv-rating-stars-on bv-rating-stars\" style=\"width:0% !important;\" aria-hidden=\"true\">  ★★★★★  </span>        </span>  </dd>     </dl>   </div> </div> \n</div> </div></div> <h3 class=\"teaser-product__name\" data-js-module=\"line-limiter\" data-js-options=\"{&quot;lines&quot;: 2}\"><em class=\"teaser-product__brand\">Dove</em> reichhaltige Pflege Body Milk</h3> </a> \n          </div> \n          <div class=\"teaser-product__availability-box\"> \n          </div> \n         </div> \n        </div> \n       </div> \n      </div> \n     </div> \n    </div> \n   </section> \n   <section class=\"c-teaser-group--default\" data-css=\"c-teaser-group\"> \n    <div class=\"teaser-group__inner\"> \n     <h2 class=\"teaser-group__headline\">Frühlingsfrisches Wohngefühl</h2> \n     <div class=\"teaser-group__box none\"> \n      <div class=\"teaser-group__item is-2x2\"> \n       <div class=\"c-teaser\" data-css=\"c-teaser\" data-js-module=\"teaser-hover\"> \n        <a class=\"teaser__linkbox\" href=\"https://www.rossmann.de/einkaufsportal/spezial/decluttering.html\"> \n         <div class=\"teaser__image-box\"> \n          <picture class=\"c-picture\" data-css=\"c-picture\"> \n           <source srcset=\"https://www.rossmann-cdn.de/.imaging/stk/einkaufsportal/2x2teaser_320/dam/einkaufsportal/spezial/decluttering/Buehnenmotiv_692x692.jpg/jcr:content/Buehnenmotiv_692x692.jpg.2017-04-13-15-07-47.jpg 1x,https://www.rossmann-cdn.de/.imaging/stk/einkaufsportal/2x2teaser_320x2/dam/einkaufsportal/spezial/decluttering/Buehnenmotiv_692x692.jpg/jcr:content/Buehnenmotiv_692x692.jpg.2017-04-13-15-07-47.jpg 2x\" media=\"(max-width: 320px)\"> \n           <source srcset=\"https://www.rossmann-cdn.de/.imaging/stk/einkaufsportal/2x2teaser_479/dam/einkaufsportal/spezial/decluttering/Buehnenmotiv_692x692.jpg/jcr:content/Buehnenmotiv_692x692.jpg.2017-04-13-15-07-47.jpg 1x,https://www.rossmann-cdn.de/.imaging/stk/einkaufsportal/2x2teaser_479x2/dam/einkaufsportal/spezial/decluttering/Buehnenmotiv_692x692.jpg/jcr:content/Buehnenmotiv_692x692.jpg.2017-04-13-15-07-47.jpg 2x\" media=\"(max-width: 479px)\"> \n           <source srcset=\"https://www.rossmann-cdn.de/.imaging/stk/einkaufsportal/2x2teaser_1024/dam/einkaufsportal/spezial/decluttering/Buehnenmotiv_692x692.jpg/jcr:content/Buehnenmotiv_692x692.jpg.2017-04-13-15-07-47.jpg 1x,https://www.rossmann-cdn.de/.imaging/stk/einkaufsportal/2x2teaser_1024x2/dam/einkaufsportal/spezial/decluttering/Buehnenmotiv_692x692.jpg/jcr:content/Buehnenmotiv_692x692.jpg.2017-04-13-15-07-47.jpg 2x\" media=\"(max-width: 1024px)\"> \n           <img class=\"picture__image\" src=\"https://www.rossmann-cdn.de/.imaging/stk/einkaufsportal/2x2teaser/dam/einkaufsportal/spezial/decluttering/Buehnenmotiv_692x692.jpg/jcr:content/Buehnenmotiv_692x692.jpg.2017-04-13-15-07-47.2017-04-13-15-07-47.jpg\" alt=\"\"> \n          </picture> \n         </div> \n         <div class=\"teaser__text-box \"> \n          <div class=\"teaser__text-box-inner\"> \n           <h2 class=\"teaser__headline\"> Decluttering, natürlich!</h2> \n           <div class=\"teaser__content\" data-js-atom=\"box\"> \n            <p class=\"teaser__text\">Decluttering - endlich ein Trendwort für eine der ungemütlichsten und doch sinnvollsten Tätigkeit im Jahr: Entrümpeln und Ausmisten! Denn beim Decluttering geht es nicht nur ums Saubermachen, sondern auch darum, unnötigen Ballast loszuwerden und durch Ordnung im eigenen Zuhause neue Klarheit zu schaffen.</p> \n           </div> \n          </div> \n         </div> </a> \n       </div> \n      </div> \n     </div> \n     <div class=\"teaser-group__box none\"> \n      <div class=\"teaser-group__item is-1x2\"> \n       <div class=\"c-teaser-product\" data-prd-id=\"948081\" data-prd-price=\"1.59\" data-css=\"c-teaser-product\" data-js-module=\"teaser-product-hover\" data-js-options=\"{&quot;activemediaquery&quot;:&quot;tablet-p,mobile-l,mobile-p&quot;}\"> \n        <div class=\"teaser-product__box\"> \n         <div class=\"teaser-product__inner\"> \n          <a href=\"/produkte/frosch/orangen-universal-reiniger/4001499140648.html\" title=\"\" class=\"teaser-product__image-box\" data-js-atom=\"stateful-link\" data-linkid=\"4001499140648\" onclick=\"econdaView('948081', 'Orangen Universal Reiniger', '1.59', 'NULL', 'Frosch');\"> <img class=\"teaser-product__image lazyload\" src=\"data:image/gif;base64,R0lGODlhAQABAAAAACH5BAEKAAEALAAAAAABAAEAAAICTAEAOw==\" data-src=\"https://media.rossmann-cdn.de/product/400/149/914/4001499140648_E_1_1.png\" alt=\"\"> </a> \n          <div class=\"teaser-product__content\"> \n           <a class=\"teaser-product__cta is-available\" data-js-module=\"lightbox\" title=\"in den Warenkorb\" data-js-options=\"{&quot;id&quot;:0,&quot;modifierClass&quot;:&quot;is-large&quot;,&quot;type&quot;:&quot;ajax&quot;,&quot;url&quot;:&quot;/productOverlay.html?ean=4001499140648&quot;,&quot;destroyClickEvent&quot;:true,&quot;activemediaquery&quot;:&quot;tablet, desktop&quot;}\" data-js-atom=\"stateful-link\" data-linkid=\"4001499140648\" onclick=\"econdaView('948081', 'Orangen Universal Reiniger', '1.59', 'NULL', 'Frosch');\"> in den Warenkorb <span class=\"teaser-product__cta-icon\"></span> </a> \n           <div class=\"c-product-price--product-teaser\" data-css=\"c-product-price\"> \n            <div class=\"product-price__current\"> \n             <span class=\"product-price__current-entity\">1.</span> \n             <span class=\"product-price__current-partial\">59</span> \n             <span class=\"product-price__current-currency\">€</span> \n            </div> \n            <div class=\"product-price__quantity\">\n             1 l = 2,12 €, 750 ml\n            </div> \n           </div> \n           <a href=\"/produkte/frosch/orangen-universal-reiniger/4001499140648.html\" title=\"zur Produktdetailseite\" class=\"teaser-product__title-box\" data-js-atom=\"stateful-link\" data-linkid=\"4001499140648\" onclick=\"econdaView('948081', 'Orangen Universal Reiniger', '1.59', 'NULL', 'Frosch');\"> \n            <div id=\"BVRRInlineRatingContainer-4001499140648\" class=\"teaser-product__rating\" data-js-atom=\"bv-integration-inline-rating\"> <div class=\"bv-cleanslate bv-cv2-cleanslate\"> <div data-bv-v=\"ratingItem:24\" class=\"bv-shared bv-core-container-165 bv-rating-top-statistic\">\n <!--[if lt IE 7]> <div class=\"bv-compat bvie6 bvie-lt8 bvie\"> <![endif]--> <!--[if IE 7]> <div class=\"bv-compat bvie7 bvie-lt8 bvie\"> <![endif]--> <!--[if IE 8]> <div class=\"bv-compat bvie8 bvie\"> <![endif]--> <!--[if IE 9]> <div class=\"bv-compat bvie9 bvie\"> <![endif]--> <!--[if gt IE 9]> <!--><div class=\"bv-compat\"> <!--<![endif]--> <div class=\"bv-inline-rating-container\">   <dl class=\"bv-stars-container\" role=\"presentation\">    <dd class=\"bv-rating-ratio\" role=\"presentation\">  <span class=\"bv-rating-stars-container\">   <span class=\"bv-rating-stars bv-rating-stars-off\" aria-hidden=\"true\">  ★★★★★  </span> <span class=\"bv-rating-stars-on bv-rating-stars\" style=\"width:0% !important;\" aria-hidden=\"true\">  ★★★★★  </span>        </span>  </dd>     </dl>   </div> </div> \n</div> </div></div> <h3 class=\"teaser-product__name\" data-js-module=\"line-limiter\" data-js-options=\"{&quot;lines&quot;: 2}\"><em class=\"teaser-product__brand\">Frosch</em> Orangen Universal Reiniger</h3> </a> \n          </div> \n          <div class=\"teaser-product__availability-box\"> \n          </div> \n         </div> \n        </div> \n       </div> \n      </div> \n      <div class=\"teaser-group__item is-1x2\"> \n       <div class=\"c-teaser-product\" data-prd-id=\"387552\" data-prd-price=\"1.99\" data-css=\"c-teaser-product\" data-js-module=\"teaser-product-hover\" data-js-options=\"{&quot;activemediaquery&quot;:&quot;tablet-p,mobile-l,mobile-p&quot;}\"> \n        <div class=\"teaser-product__box\"> \n         <div class=\"teaser-product__inner\"> \n          <a href=\"/produkte/frosch/bio-spiritus-multiflaechen-reiniger/4001499917349.html\" title=\"\" class=\"teaser-product__image-box\" data-js-atom=\"stateful-link\" data-linkid=\"4001499917349\" onclick=\"econdaView('387552', 'Bio-Spiritus* Multiflächen-Reiniger', '1.99', 'NULL', 'Frosch');\"> <img class=\"teaser-product__image lazyload\" src=\"data:image/gif;base64,R0lGODlhAQABAAAAACH5BAEKAAEALAAAAAABAAEAAAICTAEAOw==\" data-src=\"https://media.rossmann-cdn.de/product/400/149/991/4001499917349_E_1_1.png\" alt=\"\"> </a> \n          <div class=\"teaser-product__content\"> \n           <a class=\"teaser-product__cta is-available\" data-js-module=\"lightbox\" title=\"in den Warenkorb\" data-js-options=\"{&quot;id&quot;:0,&quot;modifierClass&quot;:&quot;is-large&quot;,&quot;type&quot;:&quot;ajax&quot;,&quot;url&quot;:&quot;/productOverlay.html?ean=4001499917349&quot;,&quot;destroyClickEvent&quot;:true,&quot;activemediaquery&quot;:&quot;tablet, desktop&quot;}\" data-js-atom=\"stateful-link\" data-linkid=\"4001499917349\" onclick=\"econdaView('387552', 'Bio-Spiritus* Multiflächen-Reiniger', '1.99', 'NULL', 'Frosch');\"> in den Warenkorb <span class=\"teaser-product__cta-icon\"></span> </a> \n           <div class=\"c-product-price--product-teaser\" data-css=\"c-product-price\"> \n            <div class=\"product-price__current\"> \n             <span class=\"product-price__current-entity\">1.</span> \n             <span class=\"product-price__current-partial\">99</span> \n             <span class=\"product-price__current-currency\">€</span> \n            </div> \n            <div class=\"product-price__quantity\">\n             1 l = 3,98 €, 500 ml\n            </div> \n           </div> \n           <a href=\"/produkte/frosch/bio-spiritus-multiflaechen-reiniger/4001499917349.html\" title=\"zur Produktdetailseite\" class=\"teaser-product__title-box\" data-js-atom=\"stateful-link\" data-linkid=\"4001499917349\" onclick=\"econdaView('387552', 'Bio-Spiritus* Multiflächen-Reiniger', '1.99', 'NULL', 'Frosch');\"> \n            <div id=\"BVRRInlineRatingContainer-4001499917349\" class=\"teaser-product__rating\" data-js-atom=\"bv-integration-inline-rating\"> <div class=\"bv-cleanslate bv-cv2-cleanslate\"> <div data-bv-v=\"ratingItem:32\" class=\"bv-shared bv-core-container-165 bv-rating-top-statistic\">\n <!--[if lt IE 7]> <div class=\"bv-compat bvie6 bvie-lt8 bvie\"> <![endif]--> <!--[if IE 7]> <div class=\"bv-compat bvie7 bvie-lt8 bvie\"> <![endif]--> <!--[if IE 8]> <div class=\"bv-compat bvie8 bvie\"> <![endif]--> <!--[if IE 9]> <div class=\"bv-compat bvie9 bvie\"> <![endif]--> <!--[if gt IE 9]> <!--><div class=\"bv-compat\"> <!--<![endif]--> <div class=\"bv-inline-rating-container\">   <dl class=\"bv-stars-container\" role=\"presentation\">    <dd class=\"bv-rating-ratio\" role=\"presentation\">  <span class=\"bv-rating-stars-container\">   <span class=\"bv-rating-stars bv-rating-stars-off\" aria-hidden=\"true\">  ★★★★★  </span> <span class=\"bv-rating-stars-on bv-rating-stars\" style=\"width:0% !important;\" aria-hidden=\"true\">  ★★★★★  </span>        </span>  </dd>     </dl>   </div> </div> \n</div> </div></div> <h3 class=\"teaser-product__name\" data-js-module=\"line-limiter\" data-js-options=\"{&quot;lines&quot;: 2}\"><em class=\"teaser-product__brand\">Frosch</em> Bio-Spiritus* Multiflächen-Reini…</h3> </a> \n          </div> \n          <div class=\"teaser-product__availability-box\"> \n          </div> \n         </div> \n        </div> \n       </div> \n      </div> \n     </div> \n    </div> \n   </section> \n   <section class=\"c-teaser-group--default\" data-css=\"c-teaser-group\"> \n    <div class=\"teaser-group__inner\"> \n     <h2 class=\"teaser-group__headline\">Ready for take off! ✈</h2> \n     <div class=\"teaser-group__box none\"> \n      <div class=\"teaser-group__item is-1x2\"> \n       <div class=\"c-teaser-product\" data-prd-id=\"003257\" data-prd-price=\"0.89\" data-css=\"c-teaser-product\" data-js-module=\"teaser-product-hover\" data-js-options=\"{&quot;activemediaquery&quot;:&quot;tablet-p,mobile-l,mobile-p&quot;}\"> \n        <div class=\"teaser-product__box\"> \n         <div class=\"teaser-product__inner\"> \n          <a href=\"/produkte/isana-around-the-world/duschgel-sonniges-suedafrika/4305615529837.html\" title=\"\" class=\"teaser-product__image-box\" data-js-atom=\"stateful-link\" data-linkid=\"4305615529837\" onclick=\"econdaView('003257', 'Duschgel sonniges Südafrika', '0.89', 'NULL', 'ISANA Around the World');\"> <img class=\"teaser-product__image lazyload\" src=\"data:image/gif;base64,R0lGODlhAQABAAAAACH5BAEKAAEALAAAAAABAAEAAAICTAEAOw==\" data-src=\"https://media.rossmann-cdn.de/product/430/561/552/4305615529837_E_1_1.png\" alt=\"\"> </a> \n          <p class=\"teaser-product__highlight-text\">neu</p> \n          <div class=\"teaser-product__content\"> \n           <a class=\"teaser-product__cta is-available\" data-js-module=\"lightbox\" title=\"in den Warenkorb\" data-js-options=\"{&quot;id&quot;:0,&quot;modifierClass&quot;:&quot;is-large&quot;,&quot;type&quot;:&quot;ajax&quot;,&quot;url&quot;:&quot;/productOverlay.html?ean=4305615529837&quot;,&quot;destroyClickEvent&quot;:true,&quot;activemediaquery&quot;:&quot;tablet, desktop&quot;}\" data-js-atom=\"stateful-link\" data-linkid=\"4305615529837\" onclick=\"econdaView('003257', 'Duschgel sonniges Südafrika', '0.89', 'NULL', 'ISANA Around the World');\"> in den Warenkorb <span class=\"teaser-product__cta-icon\"></span> </a> \n           <div class=\"c-product-price--product-teaser\" data-css=\"c-product-price\"> \n            <div class=\"product-price__current\"> \n             <span class=\"product-price__current-entity\">0.</span> \n             <span class=\"product-price__current-partial\">89</span> \n             <span class=\"product-price__current-currency\">€</span> \n            </div> \n            <div class=\"product-price__quantity\">\n             1 l = 2,97 €, 300 ml\n            </div> \n           </div> \n           <a href=\"/produkte/isana-around-the-world/duschgel-sonniges-suedafrika/4305615529837.html\" title=\"zur Produktdetailseite\" class=\"teaser-product__title-box\" data-js-atom=\"stateful-link\" data-linkid=\"4305615529837\" onclick=\"econdaView('003257', 'Duschgel sonniges Südafrika', '0.89', 'NULL', 'ISANA Around the World');\"> \n            <div id=\"BVRRInlineRatingContainer-4305615529837\" class=\"teaser-product__rating\" data-js-atom=\"bv-integration-inline-rating\"> <div class=\"bv-cleanslate bv-cv2-cleanslate\"> <div data-bv-v=\"ratingItem:8\" class=\"bv-shared bv-core-container-165 bv-rating-top-statistic\">\n <!--[if lt IE 7]> <div class=\"bv-compat bvie6 bvie-lt8 bvie\"> <![endif]--> <!--[if IE 7]> <div class=\"bv-compat bvie7 bvie-lt8 bvie\"> <![endif]--> <!--[if IE 8]> <div class=\"bv-compat bvie8 bvie\"> <![endif]--> <!--[if IE 9]> <div class=\"bv-compat bvie9 bvie\"> <![endif]--> <!--[if gt IE 9]> <!--><div class=\"bv-compat\"> <!--<![endif]--> <div class=\"bv-inline-rating-container\">   <dl class=\"bv-stars-container\" role=\"presentation\">    <dd class=\"bv-rating-ratio\" role=\"presentation\">  <span class=\"bv-rating-stars-container\">   <span class=\"bv-rating-stars bv-rating-stars-off\" aria-hidden=\"true\">  ★★★★★  </span> <span class=\"bv-rating-stars-on bv-rating-stars\" style=\"width:0% !important;\" aria-hidden=\"true\">  ★★★★★  </span>        </span>  </dd>     </dl>   </div> </div> \n</div> </div></div> <h3 class=\"teaser-product__name\" data-js-module=\"line-limiter\" data-js-options=\"{&quot;lines&quot;: 2}\"><em class=\"teaser-product__brand\">ISANA Around the World</em> Duschgel sonniges Südafrika</h3> </a> \n          </div> \n          <div class=\"teaser-product__availability-box\"> \n          </div> \n         </div> \n        </div> \n       </div> \n      </div> \n      <div class=\"teaser-group__item is-1x2\"> \n       <div class=\"c-teaser-product\" data-prd-id=\"003260\" data-prd-price=\"0.89\" data-css=\"c-teaser-product\" data-js-module=\"teaser-product-hover\" data-js-options=\"{&quot;activemediaquery&quot;:&quot;tablet-p,mobile-l,mobile-p&quot;}\"> \n        <div class=\"teaser-product__box\"> \n         <div class=\"teaser-product__inner\"> \n          <a href=\"/produkte/isana-around-the-world/duschgel-feuriges-kuba/4305615529813.html\" title=\"\" class=\"teaser-product__image-box\" data-js-atom=\"stateful-link\" data-linkid=\"4305615529813\" onclick=\"econdaView('003260', 'Duschgel feuriges Kuba', '0.89', 'NULL', 'ISANA Around the World');\"> <img class=\"teaser-product__image lazyload\" src=\"data:image/gif;base64,R0lGODlhAQABAAAAACH5BAEKAAEALAAAAAABAAEAAAICTAEAOw==\" data-src=\"https://media.rossmann-cdn.de/product/430/561/552/4305615529813_E_1_1.png\" alt=\"\"> </a> \n          <p class=\"teaser-product__highlight-text\">neu</p> \n          <div class=\"teaser-product__content\"> \n           <a class=\"teaser-product__cta is-available\" data-js-module=\"lightbox\" title=\"in den Warenkorb\" data-js-options=\"{&quot;id&quot;:0,&quot;modifierClass&quot;:&quot;is-large&quot;,&quot;type&quot;:&quot;ajax&quot;,&quot;url&quot;:&quot;/productOverlay.html?ean=4305615529813&quot;,&quot;destroyClickEvent&quot;:true,&quot;activemediaquery&quot;:&quot;tablet, desktop&quot;}\" data-js-atom=\"stateful-link\" data-linkid=\"4305615529813\" onclick=\"econdaView('003260', 'Duschgel feuriges Kuba', '0.89', 'NULL', 'ISANA Around the World');\"> in den Warenkorb <span class=\"teaser-product__cta-icon\"></span> </a> \n           <div class=\"c-product-price--product-teaser\" data-css=\"c-product-price\"> \n            <div class=\"product-price__current\"> \n             <span class=\"product-price__current-entity\">0.</span> \n             <span class=\"product-price__current-partial\">89</span> \n             <span class=\"product-price__current-currency\">€</span> \n            </div> \n            <div class=\"product-price__quantity\">\n             1 l = 2,97 €, 300 ml\n            </div> \n           </div> \n           <a href=\"/produkte/isana-around-the-world/duschgel-feuriges-kuba/4305615529813.html\" title=\"zur Produktdetailseite\" class=\"teaser-product__title-box\" data-js-atom=\"stateful-link\" data-linkid=\"4305615529813\" onclick=\"econdaView('003260', 'Duschgel feuriges Kuba', '0.89', 'NULL', 'ISANA Around the World');\"> \n            <div id=\"BVRRInlineRatingContainer-4305615529813\" class=\"teaser-product__rating\" data-js-atom=\"bv-integration-inline-rating\"> <div class=\"bv-cleanslate bv-cv2-cleanslate\"> <div data-bv-v=\"ratingItem:15\" class=\"bv-shared bv-core-container-165 bv-rating-top-statistic\">\n <!--[if lt IE 7]> <div class=\"bv-compat bvie6 bvie-lt8 bvie\"> <![endif]--> <!--[if IE 7]> <div class=\"bv-compat bvie7 bvie-lt8 bvie\"> <![endif]--> <!--[if IE 8]> <div class=\"bv-compat bvie8 bvie\"> <![endif]--> <!--[if IE 9]> <div class=\"bv-compat bvie9 bvie\"> <![endif]--> <!--[if gt IE 9]> <!--><div class=\"bv-compat\"> <!--<![endif]--> <div class=\"bv-inline-rating-container\">   <dl class=\"bv-stars-container\" role=\"presentation\">    <dd class=\"bv-rating-ratio\" role=\"presentation\">  <span class=\"bv-rating-stars-container\">   <span class=\"bv-rating-stars bv-rating-stars-off\" aria-hidden=\"true\">  ★★★★★  </span> <span class=\"bv-rating-stars-on bv-rating-stars\" style=\"width:0% !important;\" aria-hidden=\"true\">  ★★★★★  </span>        </span>  </dd>     </dl>   </div> </div> \n</div> </div></div> <h3 class=\"teaser-product__name\" data-js-module=\"line-limiter\" data-js-options=\"{&quot;lines&quot;: 2}\"><em class=\"teaser-product__brand\">ISANA Around the World</em> Duschgel feuriges Kuba</h3> </a> \n          </div> \n          <div class=\"teaser-product__availability-box\"> \n          </div> \n         </div> \n        </div> \n       </div> \n      </div> \n     </div> \n     <div class=\"teaser-group__box none\"> \n      <div class=\"teaser-group__item is-2x2\"> \n       <div class=\"c-teaser\" data-css=\"c-teaser\" data-js-module=\"teaser-hover\"> \n        <a class=\"teaser__linkbox\" href=\"https://www.rossmann.de/produkte/isana-around-the-world/duschgel-fernes-tahiti/4305615529820.html\" target=\"_blank\"> \n         <div class=\"teaser__image-box\"> \n          <picture class=\"c-picture\" data-css=\"c-picture\"> \n           <source srcset=\"https://www.rossmann-cdn.de/.imaging/stk/einkaufsportal/2x2teaser_320/dam/einkaufsportal/angebote/produkt-der-woche/FT_PDW_KW16.jpg/jcr:content/FT_PDW_KW16.jpg.2017-04-19-13-18-24.jpg 1x,https://www.rossmann-cdn.de/.imaging/stk/einkaufsportal/2x2teaser_320x2/dam/einkaufsportal/angebote/produkt-der-woche/FT_PDW_KW16.jpg/jcr:content/FT_PDW_KW16.jpg.2017-04-19-13-18-24.jpg 2x\" media=\"(max-width: 320px)\"> \n           <source srcset=\"https://www.rossmann-cdn.de/.imaging/stk/einkaufsportal/2x2teaser_479/dam/einkaufsportal/angebote/produkt-der-woche/FT_PDW_KW16.jpg/jcr:content/FT_PDW_KW16.jpg.2017-04-19-13-18-24.jpg 1x,https://www.rossmann-cdn.de/.imaging/stk/einkaufsportal/2x2teaser_479x2/dam/einkaufsportal/angebote/produkt-der-woche/FT_PDW_KW16.jpg/jcr:content/FT_PDW_KW16.jpg.2017-04-19-13-18-24.jpg 2x\" media=\"(max-width: 479px)\"> \n           <source srcset=\"https://www.rossmann-cdn.de/.imaging/stk/einkaufsportal/2x2teaser_1024/dam/einkaufsportal/angebote/produkt-der-woche/FT_PDW_KW16.jpg/jcr:content/FT_PDW_KW16.jpg.2017-04-19-13-18-24.jpg 1x,https://www.rossmann-cdn.de/.imaging/stk/einkaufsportal/2x2teaser_1024x2/dam/einkaufsportal/angebote/produkt-der-woche/FT_PDW_KW16.jpg/jcr:content/FT_PDW_KW16.jpg.2017-04-19-13-18-24.jpg 2x\" media=\"(max-width: 1024px)\"> \n           <img class=\"picture__image\" src=\"https://www.rossmann-cdn.de/.imaging/stk/einkaufsportal/2x2teaser/dam/einkaufsportal/angebote/produkt-der-woche/FT_PDW_KW16.jpg/jcr:content/FT_PDW_KW16.jpg.2017-04-19-13-18-24.2017-04-19-13-24-51.jpg\" alt=\"\"> \n          </picture> \n         </div> \n         <div class=\"teaser__text-box \"> \n          <div class=\"teaser__text-box-inner\"> \n           <h2 class=\"teaser__headline\"> <em>Auf in Ferne Länder</em> ISANA Around the World - Duschgel fernes Tahiti</h2> \n           <div class=\"teaser__content\" data-js-atom=\"box\"> \n            <p class=\"teaser__text\">Erleben Sie das ferne Tahiti mit seinen exotischen Düften und Aromen und lassen Sie sich von der tropischen Welt verzaubern. Entdecken Sie auch Südafrika und Kuba.</p> \n           </div> \n          </div> \n         </div> </a> \n       </div> \n      </div> \n     </div> \n    </div> \n   </section> \n   <section class=\"c-teaser-group\" data-css=\"c-teaser-group\"> \n    <div class=\"teaser-group__inner\"> \n     <h2 class=\"teaser-group__headline\">Top-Produkte</h2> \n     <div class=\"c-slider--product-manuel\" data-css=\"c-slider\" data-js-module=\"slider\" data-js-options=\"{&quot;count&quot;:&quot;4&quot;,&quot;steps&quot;:&quot;4&quot;,&quot;controller&quot;:&quot;true&quot;,&quot;control&quot;:&quot;.slider__navigation&quot;,&quot;delay&quot;:&quot;16&quot;,&quot;renderEmediately&quot;:&quot;true&quot;,&quot;clickPagination&quot;:&quot;true&quot;,&quot;slideSingleFrame&quot;:&quot;&quot;,&quot;interval&quot;:&quot;0&quot;,&quot;re-init&quot;:&quot;tablet-p:2,mobile-l:2,mobile-p:1&quot;}\" data-random-id=\"rsmn-autogen-id__-_n-XsmeXs\" style=\"width: 755px;\"> \n      <div class=\"slider__list-wrapper\" data-js-atom=\"slider-wrapper\" style=\"height: 378px;\"> \n       <div class=\"slider__list\" data-js-atom=\"slider-list\" style=\"transform: translate3d(0%, 0px, 0px); transition: transform 0s ease 0s;\"> \n        <div class=\"slider__item is-1x2\" data-js-atom=\"slider-item\" style=\"left: 0%;\"> \n         <div class=\"c-teaser-product\" data-prd-id=\"238465\" data-prd-price=\"5.99\" data-css=\"c-teaser-product\" data-js-module=\"teaser-product-hover\" data-js-options=\"{&quot;activemediaquery&quot;:&quot;tablet-p,mobile-l,mobile-p&quot;}\"> \n          <div class=\"teaser-product__box\"> \n           <div class=\"teaser-product__inner\"> \n            <a href=\"/produkte/fruehmesner/veganes-kraeuter-oelbad-arnika-wacholder/4008890002339.html\" title=\"\" class=\"teaser-product__image-box\" data-js-atom=\"stateful-link\" data-linkid=\"4008890002339\" onclick=\"econdaView('238465', 'veganes Kräuter Ölbad Arnika Wacholder', '5.99', 'NULL', 'Frühmesner');\"> <img class=\"teaser-product__image lazyload\" src=\"data:image/gif;base64,R0lGODlhAQABAAAAACH5BAEKAAEALAAAAAABAAEAAAICTAEAOw==\" data-src=\"https://media.rossmann-cdn.de/product/400/889/000/4008890002339_E_1_1.png\" alt=\"\"> </a> \n            <div class=\"teaser-product__content\"> \n             <a class=\"teaser-product__cta is-not-available\" href=\"/produkte/fruehmesner/veganes-kraeuter-oelbad-arnika-wacholder/4008890002339.html\" data-js-atom=\"stateful-link\" data-linkid=\"4008890002339\" onclick=\"econdaView('238465', 'veganes Kräuter Ölbad Arnika Wacholder', '5.99', 'NULL', 'Frühmesner');\"> <span class=\"teaser-product__cta-icon\"></span> </a> \n             <div class=\"c-product-price--product-teaser\" data-css=\"c-product-price\"> \n              <div class=\"product-price__current\"> \n               <span class=\"product-price__current-entity\">5.</span> \n               <span class=\"product-price__current-partial\">99</span> \n               <span class=\"product-price__current-currency\">€</span> \n              </div> \n              <div class=\"product-price__quantity\">\n               100 ml, für ca. 10 Vollbäder\n              </div> \n              <div class=\"product-price__addon\">\n                In Kürze wieder verfügbar. \n              </div> \n             </div> \n             <a href=\"/produkte/fruehmesner/veganes-kraeuter-oelbad-arnika-wacholder/4008890002339.html\" title=\"zur Produktdetailseite\" class=\"teaser-product__title-box\" data-js-atom=\"stateful-link\" data-linkid=\"4008890002339\" onclick=\"econdaView('238465', 'veganes Kräuter Ölbad Arnika Wacholder', '5.99', 'NULL', 'Frühmesner');\"> \n              <div id=\"BVRRInlineRatingContainer-4008890002339\" class=\"teaser-product__rating\" data-js-atom=\"bv-integration-inline-rating\"> <div class=\"bv-cleanslate bv-cv2-cleanslate\"> <div data-bv-v=\"ratingItem:22\" class=\"bv-shared bv-core-container-165 bv-rating-top-statistic\">\n <!--[if lt IE 7]> <div class=\"bv-compat bvie6 bvie-lt8 bvie\"> <![endif]--> <!--[if IE 7]> <div class=\"bv-compat bvie7 bvie-lt8 bvie\"> <![endif]--> <!--[if IE 8]> <div class=\"bv-compat bvie8 bvie\"> <![endif]--> <!--[if IE 9]> <div class=\"bv-compat bvie9 bvie\"> <![endif]--> <!--[if gt IE 9]> <!--><div class=\"bv-compat\"> <!--<![endif]--> <div class=\"bv-inline-rating-container\">   <dl class=\"bv-stars-container\" role=\"presentation\">    <dd class=\"bv-rating-ratio\" role=\"presentation\">  <span class=\"bv-rating-stars-container\">   <span class=\"bv-rating-stars bv-rating-stars-off\" aria-hidden=\"true\">  ★★★★★  </span> <span class=\"bv-rating-stars-on bv-rating-stars\" style=\"width:0% !important;\" aria-hidden=\"true\">  ★★★★★  </span>        </span>  </dd>     </dl>   </div> </div> \n</div> </div></div> <h3 class=\"teaser-product__name\" data-js-module=\"line-limiter\" data-js-options=\"{&quot;lines&quot;: 2}\"><em class=\"teaser-product__brand\">Frühmesner</em> veganes Kräuter Ölbad Arnika Wach…</h3> </a> \n            </div> \n            <div class=\"teaser-product__availability-box\"> \n            </div> \n           </div> \n          </div> \n         </div> \n        </div> \n        <div class=\"slider__item is-1x2\" data-js-atom=\"slider-item\" style=\"left: 25%;\"> \n         <div class=\"c-teaser-product\" data-prd-id=\"050944\" data-prd-price=\"1.69\" data-css=\"c-teaser-product\" data-js-module=\"teaser-product-hover\" data-js-options=\"{&quot;activemediaquery&quot;:&quot;tablet-p,mobile-l,mobile-p&quot;}\"> \n          <div class=\"teaser-product__box\"> \n           <div class=\"teaser-product__inner\"> \n            <a href=\"/produkte/enerbio/bio-vegane-reis-nougat-crisp/4305615464718.html\" title=\"\" class=\"teaser-product__image-box\" data-js-atom=\"stateful-link\" data-linkid=\"4305615464718\" onclick=\"econdaView('050944', 'Bio vegane Reis-Nougat Crisp', '1.69', 'NULL', 'enerBiO');\"> <img class=\"teaser-product__image lazyload\" src=\"data:image/gif;base64,R0lGODlhAQABAAAAACH5BAEKAAEALAAAAAABAAEAAAICTAEAOw==\" data-src=\"https://media.rossmann-cdn.de/product/430/561/546/4305615464718_E_1_1.png\" alt=\"\"> </a> \n            <div class=\"teaser-product__content\"> \n             <a class=\"teaser-product__cta is-available\" data-js-module=\"lightbox\" title=\"in den Warenkorb\" data-js-options=\"{&quot;id&quot;:0,&quot;modifierClass&quot;:&quot;is-large&quot;,&quot;type&quot;:&quot;ajax&quot;,&quot;url&quot;:&quot;/productOverlay.html?ean=4305615464718&quot;,&quot;destroyClickEvent&quot;:true,&quot;activemediaquery&quot;:&quot;tablet, desktop&quot;}\" data-js-atom=\"stateful-link\" data-linkid=\"4305615464718\" onclick=\"econdaView('050944', 'Bio vegane Reis-Nougat Crisp', '1.69', 'NULL', 'enerBiO');\"> in den Warenkorb <span class=\"teaser-product__cta-icon\"></span> </a> \n             <div class=\"c-product-price--product-teaser\" data-css=\"c-product-price\"> \n              <div class=\"product-price__current\"> \n               <span class=\"product-price__current-entity\">1.</span> \n               <span class=\"product-price__current-partial\">69</span> \n               <span class=\"product-price__current-currency\">€</span> \n              </div> \n              <div class=\"product-price__quantity\">\n               100 g = 2,11 €, 80 g, = 2 Portionen\n              </div> \n             </div> \n             <a href=\"/produkte/enerbio/bio-vegane-reis-nougat-crisp/4305615464718.html\" title=\"zur Produktdetailseite\" class=\"teaser-product__title-box\" data-js-atom=\"stateful-link\" data-linkid=\"4305615464718\" onclick=\"econdaView('050944', 'Bio vegane Reis-Nougat Crisp', '1.69', 'NULL', 'enerBiO');\"> \n              <div id=\"BVRRInlineRatingContainer-4305615464718\" class=\"teaser-product__rating\" data-js-atom=\"bv-integration-inline-rating\"> <div class=\"bv-cleanslate bv-cv2-cleanslate\"> <div data-bv-v=\"ratingItem:27\" class=\"bv-shared bv-core-container-165 bv-rating-top-statistic\">\n <!--[if lt IE 7]> <div class=\"bv-compat bvie6 bvie-lt8 bvie\"> <![endif]--> <!--[if IE 7]> <div class=\"bv-compat bvie7 bvie-lt8 bvie\"> <![endif]--> <!--[if IE 8]> <div class=\"bv-compat bvie8 bvie\"> <![endif]--> <!--[if IE 9]> <div class=\"bv-compat bvie9 bvie\"> <![endif]--> <!--[if gt IE 9]> <!--><div class=\"bv-compat\"> <!--<![endif]--> <div class=\"bv-inline-rating-container\">   <dl class=\"bv-stars-container\" role=\"presentation\">    <dd class=\"bv-rating-ratio\" role=\"presentation\">  <span class=\"bv-rating-stars-container\">   <span class=\"bv-rating-stars bv-rating-stars-off\" aria-hidden=\"true\">  ★★★★★  </span> <span class=\"bv-rating-stars-on bv-rating-stars\" style=\"width:0% !important;\" aria-hidden=\"true\">  ★★★★★  </span>        </span>  </dd>     </dl>   </div> </div> \n</div> </div></div> <h3 class=\"teaser-product__name\" data-js-module=\"line-limiter\" data-js-options=\"{&quot;lines&quot;: 2}\"><em class=\"teaser-product__brand\">enerBiO</em> Bio vegane Reis-Nougat Crisp</h3> </a> \n            </div> \n            <div class=\"teaser-product__availability-box\"> \n            </div> \n           </div> \n          </div> \n         </div> \n        </div> \n        <div class=\"slider__item is-1x2\" data-js-atom=\"slider-item\" style=\"left: 50%;\"> \n         <div class=\"c-teaser-product\" data-prd-id=\"000628\" data-prd-price=\"1.49\" data-css=\"c-teaser-product\" data-js-module=\"teaser-product-hover\" data-js-options=\"{&quot;activemediaquery&quot;:&quot;tablet-p,mobile-l,mobile-p&quot;}\"> \n          <div class=\"teaser-product__box\"> \n           <div class=\"teaser-product__inner\"> \n            <a href=\"/produkte/kneipp/verwoehnendes-creme-oel-peeling/4008233141978.html\" title=\"\" class=\"teaser-product__image-box\" data-js-atom=\"stateful-link\" data-linkid=\"4008233141978\" onclick=\"econdaView('000628', 'Verwöhnendes Creme-Öl-Peeling', '1.49', 'NULL', 'Kneipp');\"> <img class=\"teaser-product__image lazyload\" src=\"data:image/gif;base64,R0lGODlhAQABAAAAACH5BAEKAAEALAAAAAABAAEAAAICTAEAOw==\" data-src=\"https://media.rossmann-cdn.de/product/400/823/314/4008233141978_E_1_1.png\" alt=\"\"> </a> \n            <div class=\"teaser-product__content\"> \n             <a class=\"teaser-product__cta is-available\" data-js-module=\"lightbox\" title=\"in den Warenkorb\" data-js-options=\"{&quot;id&quot;:0,&quot;modifierClass&quot;:&quot;is-large&quot;,&quot;type&quot;:&quot;ajax&quot;,&quot;url&quot;:&quot;/productOverlay.html?ean=4008233141978&quot;,&quot;destroyClickEvent&quot;:true,&quot;activemediaquery&quot;:&quot;tablet, desktop&quot;}\" data-js-atom=\"stateful-link\" data-linkid=\"4008233141978\" onclick=\"econdaView('000628', 'Verwöhnendes Creme-Öl-Peeling', '1.49', 'NULL', 'Kneipp');\"> in den Warenkorb <span class=\"teaser-product__cta-icon\"></span> </a> \n             <div class=\"c-product-price--product-teaser\" data-css=\"c-product-price\"> \n              <div class=\"product-price__current\"> \n               <span class=\"product-price__current-entity\">1.</span> \n               <span class=\"product-price__current-partial\">49</span> \n               <span class=\"product-price__current-currency\">€</span> \n              </div> \n              <div class=\"product-price__quantity\">\n               100 ml = 3,73 €, 40 ml, = Ausreichend für 1 Anwendung\n              </div> \n             </div> \n             <a href=\"/produkte/kneipp/verwoehnendes-creme-oel-peeling/4008233141978.html\" title=\"zur Produktdetailseite\" class=\"teaser-product__title-box\" data-js-atom=\"stateful-link\" data-linkid=\"4008233141978\" onclick=\"econdaView('000628', 'Verwöhnendes Creme-Öl-Peeling', '1.49', 'NULL', 'Kneipp');\"> \n              <div id=\"BVRRInlineRatingContainer-4008233141978\" class=\"teaser-product__rating\" data-js-atom=\"bv-integration-inline-rating\"> <div class=\"bv-cleanslate bv-cv2-cleanslate\"> <div data-bv-v=\"ratingItem:21\" class=\"bv-shared bv-core-container-165 bv-rating-top-statistic\">\n <!--[if lt IE 7]> <div class=\"bv-compat bvie6 bvie-lt8 bvie\"> <![endif]--> <!--[if IE 7]> <div class=\"bv-compat bvie7 bvie-lt8 bvie\"> <![endif]--> <!--[if IE 8]> <div class=\"bv-compat bvie8 bvie\"> <![endif]--> <!--[if IE 9]> <div class=\"bv-compat bvie9 bvie\"> <![endif]--> <!--[if gt IE 9]> <!--><div class=\"bv-compat\"> <!--<![endif]--> <div class=\"bv-inline-rating-container\">   <dl class=\"bv-stars-container\" role=\"presentation\">    <dd class=\"bv-rating-ratio\" role=\"presentation\">  <span class=\"bv-rating-stars-container\">   <span class=\"bv-rating-stars bv-rating-stars-off\" aria-hidden=\"true\">  ★★★★★  </span> <span class=\"bv-rating-stars-on bv-rating-stars\" style=\"width:100% !important;\" aria-hidden=\"true\">  ★★★★★  </span>     <span class=\"bv-off-screen\">5 von 5 Sternen. Bewertungen lesen.</span>     </span>  </dd>     </dl>   </div> </div> \n</div> </div></div> <h3 class=\"teaser-product__name\" data-js-module=\"line-limiter\" data-js-options=\"{&quot;lines&quot;: 2}\"><em class=\"teaser-product__brand\">Kneipp</em> Verwöhnendes Creme-Öl-Peeling</h3> </a> \n            </div> \n            <div class=\"teaser-product__availability-box\"> \n            </div> \n           </div> \n          </div> \n         </div> \n        </div> \n        <div class=\"slider__item is-1x2\" data-js-atom=\"slider-item\" style=\"left: 75%;\"> \n         <div class=\"c-teaser-product\" data-prd-id=\"006105\" data-prd-price=\"5.99\" data-css=\"c-teaser-product\" data-js-module=\"teaser-product-hover\" data-js-options=\"{&quot;activemediaquery&quot;:&quot;tablet-p,mobile-l,mobile-p&quot;}\"> \n          <div class=\"teaser-product__box\"> \n           <div class=\"teaser-product__inner\"> \n            <a href=\"/produkte/ottoman/hamamhandschuh-peeling-glove-kese-premium/8697407193071.html\" title=\"\" class=\"teaser-product__image-box\" data-js-atom=\"stateful-link\" data-linkid=\"8697407193071\" onclick=\"econdaView('006105', 'Hamamhandschuh Peeling Glove &quot;Kese Premium&quot;', '5.99', 'NULL', 'Ottoman');\"> <img class=\"teaser-product__image lazyload\" src=\"data:image/gif;base64,R0lGODlhAQABAAAAACH5BAEKAAEALAAAAAABAAEAAAICTAEAOw==\" data-src=\"https://media.rossmann-cdn.de/product/869/740/719/8697407193071_E_1_1.png\" alt=\"\"> </a> \n            <p class=\"teaser-product__highlight-text\">neu</p> \n            <div class=\"teaser-product__content\"> \n             <a class=\"teaser-product__cta is-available\" data-js-module=\"lightbox\" title=\"in den Warenkorb\" data-js-options=\"{&quot;id&quot;:0,&quot;modifierClass&quot;:&quot;is-large&quot;,&quot;type&quot;:&quot;ajax&quot;,&quot;url&quot;:&quot;/productOverlay.html?ean=8697407193071&quot;,&quot;destroyClickEvent&quot;:true,&quot;activemediaquery&quot;:&quot;tablet, desktop&quot;}\" data-js-atom=\"stateful-link\" data-linkid=\"8697407193071\" onclick=\"econdaView('006105', 'Hamamhandschuh Peeling Glove &quot;Kese Premium&quot;', '5.99', 'NULL', 'Ottoman');\"> in den Warenkorb <span class=\"teaser-product__cta-icon\"></span> </a> \n             <div class=\"c-product-price--product-teaser\" data-css=\"c-product-price\"> \n              <div class=\"product-price__current\"> \n               <span class=\"product-price__current-entity\">5.</span> \n               <span class=\"product-price__current-partial\">99</span> \n               <span class=\"product-price__current-currency\">€</span> \n              </div> \n              <div class=\"product-price__quantity\">\n               1 Stück\n              </div> \n             </div> \n             <a href=\"/produkte/ottoman/hamamhandschuh-peeling-glove-kese-premium/8697407193071.html\" title=\"zur Produktdetailseite\" class=\"teaser-product__title-box\" data-js-atom=\"stateful-link\" data-linkid=\"8697407193071\" onclick=\"econdaView('006105', 'Hamamhandschuh Peeling Glove &quot;Kese Premium&quot;', '5.99', 'NULL', 'Ottoman');\"> \n              <div id=\"BVRRInlineRatingContainer-8697407193071\" class=\"teaser-product__rating\" data-js-atom=\"bv-integration-inline-rating\"> <div class=\"bv-cleanslate bv-cv2-cleanslate\"> <div data-bv-v=\"ratingItem:11\" class=\"bv-shared bv-core-container-165 bv-rating-top-statistic\">\n <!--[if lt IE 7]> <div class=\"bv-compat bvie6 bvie-lt8 bvie\"> <![endif]--> <!--[if IE 7]> <div class=\"bv-compat bvie7 bvie-lt8 bvie\"> <![endif]--> <!--[if IE 8]> <div class=\"bv-compat bvie8 bvie\"> <![endif]--> <!--[if IE 9]> <div class=\"bv-compat bvie9 bvie\"> <![endif]--> <!--[if gt IE 9]> <!--><div class=\"bv-compat\"> <!--<![endif]--> <div class=\"bv-inline-rating-container\">   <dl class=\"bv-stars-container\" role=\"presentation\">    <dd class=\"bv-rating-ratio\" role=\"presentation\">  <span class=\"bv-rating-stars-container\">   <span class=\"bv-rating-stars bv-rating-stars-off\" aria-hidden=\"true\">  ★★★★★  </span> <span class=\"bv-rating-stars-on bv-rating-stars\" style=\"width:0% !important;\" aria-hidden=\"true\">  ★★★★★  </span>        </span>  </dd>     </dl>   </div> </div> \n</div> </div></div> <h3 class=\"teaser-product__name\" data-js-module=\"line-limiter\" data-js-options=\"{&quot;lines&quot;: 2}\"><em class=\"teaser-product__brand\">Ottoman</em> Hamamhandschuh Peeling Glove \"Kes…</h3> </a> \n            </div> \n            <div class=\"teaser-product__availability-box\"> \n             <div class=\"teaser-product__availability-item is-online-only\">\n              nur online erhältlich\n             </div> \n            </div> \n           </div> \n          </div> \n         </div> \n        </div> \n        <div class=\"slider__item is-1x2\" data-js-atom=\"slider-item\" style=\"left: 100%;\"> \n         <div class=\"c-teaser-product\" data-prd-id=\"703383\" data-prd-price=\"9.95\" data-css=\"c-teaser-product\" data-js-module=\"teaser-product-hover\" data-js-options=\"{&quot;activemediaquery&quot;:&quot;tablet-p,mobile-l,mobile-p&quot;}\"> \n          <div class=\"teaser-product__box\"> \n           <div class=\"teaser-product__inner\"> \n            <a href=\"/produkte/dr-scheller/arganoel-amaranth-anti-falten-intensiv-serum/4051424550356.html\" title=\"\" class=\"teaser-product__image-box\" data-js-atom=\"stateful-link\" data-linkid=\"4051424550356\" onclick=\"econdaView('703383', 'Arganöl &amp; Amaranth Anti-Falten Intensiv-Serum', '9.95', 'NULL', 'Dr. Scheller');\"> <img class=\"teaser-product__image lazyload\" src=\"data:image/gif;base64,R0lGODlhAQABAAAAACH5BAEKAAEALAAAAAABAAEAAAICTAEAOw==\" data-src=\"https://media.rossmann-cdn.de/product/405/142/455/4051424550356_E_1_1.png\" alt=\"\"> </a> \n            <div class=\"teaser-product__content\"> \n             <a class=\"teaser-product__cta is-available\" data-js-module=\"lightbox\" title=\"in den Warenkorb\" data-js-options=\"{&quot;id&quot;:0,&quot;modifierClass&quot;:&quot;is-large&quot;,&quot;type&quot;:&quot;ajax&quot;,&quot;url&quot;:&quot;/productOverlay.html?ean=4051424550356&quot;,&quot;destroyClickEvent&quot;:true,&quot;activemediaquery&quot;:&quot;tablet, desktop&quot;}\" data-js-atom=\"stateful-link\" data-linkid=\"4051424550356\" onclick=\"econdaView('703383', 'Arganöl &amp; Amaranth Anti-Falten Intensiv-Serum', '9.95', 'NULL', 'Dr. Scheller');\"> in den Warenkorb <span class=\"teaser-product__cta-icon\"></span> </a> \n             <div class=\"c-product-price--product-teaser\" data-css=\"c-product-price\"> \n              <div class=\"product-price__current\"> \n               <span class=\"product-price__current-entity\">9.</span> \n               <span class=\"product-price__current-partial\">95</span> \n               <span class=\"product-price__current-currency\">€</span> \n              </div> \n              <div class=\"product-price__quantity\">\n               100 ml = 33,17 €, 30 ml\n              </div> \n             </div> \n             <a href=\"/produkte/dr-scheller/arganoel-amaranth-anti-falten-intensiv-serum/4051424550356.html\" title=\"zur Produktdetailseite\" class=\"teaser-product__title-box\" data-js-atom=\"stateful-link\" data-linkid=\"4051424550356\" onclick=\"econdaView('703383', 'Arganöl &amp; Amaranth Anti-Falten Intensiv-Serum', '9.95', 'NULL', 'Dr. Scheller');\"> \n              <div id=\"BVRRInlineRatingContainer-4051424550356\" class=\"teaser-product__rating\" data-js-atom=\"bv-integration-inline-rating\"> <div class=\"bv-cleanslate bv-cv2-cleanslate\"> <div data-bv-v=\"ratingItem:13\" class=\"bv-shared bv-core-container-165 bv-rating-top-statistic\">\n <!--[if lt IE 7]> <div class=\"bv-compat bvie6 bvie-lt8 bvie\"> <![endif]--> <!--[if IE 7]> <div class=\"bv-compat bvie7 bvie-lt8 bvie\"> <![endif]--> <!--[if IE 8]> <div class=\"bv-compat bvie8 bvie\"> <![endif]--> <!--[if IE 9]> <div class=\"bv-compat bvie9 bvie\"> <![endif]--> <!--[if gt IE 9]> <!--><div class=\"bv-compat\"> <!--<![endif]--> <div class=\"bv-inline-rating-container\">   <dl class=\"bv-stars-container\" role=\"presentation\">    <dd class=\"bv-rating-ratio\" role=\"presentation\">  <span class=\"bv-rating-stars-container\">   <span class=\"bv-rating-stars bv-rating-stars-off\" aria-hidden=\"true\">  ★★★★★  </span> <span class=\"bv-rating-stars-on bv-rating-stars\" style=\"width:0% !important;\" aria-hidden=\"true\">  ★★★★★  </span>        </span>  </dd>     </dl>   </div> </div> \n</div> </div></div> <h3 class=\"teaser-product__name\" data-js-module=\"line-limiter\" data-js-options=\"{&quot;lines&quot;: 2}\"><em class=\"teaser-product__brand\">Dr. Scheller</em> Arganöl &amp; Amaranth Anti-Falten Intensiv…</h3> </a> \n            </div> \n            <div class=\"teaser-product__availability-box\"> \n            </div> \n           </div> \n          </div> \n         </div> \n        </div> \n        <div class=\"slider__item is-1x2\" data-js-atom=\"slider-item\" style=\"left: 125%;\"> \n         <div class=\"c-teaser-product\" data-prd-id=\"857369\" data-prd-price=\"3.99\" data-css=\"c-teaser-product\" data-js-module=\"teaser-product-hover\" data-js-options=\"{&quot;activemediaquery&quot;:&quot;tablet-p,mobile-l,mobile-p&quot;}\"> \n          <div class=\"teaser-product__box\"> \n           <div class=\"teaser-product__inner\"> \n            <a href=\"/produkte/alterra/schoenheits-elixier/4305615496047.html\" title=\"\" class=\"teaser-product__image-box\" data-js-atom=\"stateful-link\" data-linkid=\"4305615496047\" onclick=\"econdaView('857369', 'Schönheits-Elixier', '3.99', 'NULL', 'Alterra');\"> <img class=\"teaser-product__image lazyload\" src=\"data:image/gif;base64,R0lGODlhAQABAAAAACH5BAEKAAEALAAAAAABAAEAAAICTAEAOw==\" data-src=\"https://media.rossmann-cdn.de/product/430/561/549/4305615496047_E_1_1.png\" alt=\"\"> </a> \n            <div class=\"teaser-product__content\"> \n             <a class=\"teaser-product__cta is-available\" data-js-module=\"lightbox\" title=\"in den Warenkorb\" data-js-options=\"{&quot;id&quot;:0,&quot;modifierClass&quot;:&quot;is-large&quot;,&quot;type&quot;:&quot;ajax&quot;,&quot;url&quot;:&quot;/productOverlay.html?ean=4305615496047&quot;,&quot;destroyClickEvent&quot;:true,&quot;activemediaquery&quot;:&quot;tablet, desktop&quot;}\" data-js-atom=\"stateful-link\" data-linkid=\"4305615496047\" onclick=\"econdaView('857369', 'Schönheits-Elixier', '3.99', 'NULL', 'Alterra');\"> in den Warenkorb <span class=\"teaser-product__cta-icon\"></span> </a> \n             <div class=\"c-product-price--product-teaser\" data-css=\"c-product-price\"> \n              <div class=\"product-price__current\"> \n               <span class=\"product-price__current-entity\">3.</span> \n               <span class=\"product-price__current-partial\">99</span> \n               <span class=\"product-price__current-currency\">€</span> \n              </div> \n              <div class=\"product-price__quantity\">\n               100 ml = 15,96 €, 25 ml\n              </div> \n             </div> \n             <a href=\"/produkte/alterra/schoenheits-elixier/4305615496047.html\" title=\"zur Produktdetailseite\" class=\"teaser-product__title-box\" data-js-atom=\"stateful-link\" data-linkid=\"4305615496047\" onclick=\"econdaView('857369', 'Schönheits-Elixier', '3.99', 'NULL', 'Alterra');\"> \n              <div id=\"BVRRInlineRatingContainer-4305615496047\" class=\"teaser-product__rating\" data-js-atom=\"bv-integration-inline-rating\"> <div class=\"bv-cleanslate bv-cv2-cleanslate\"> <div data-bv-v=\"ratingItem:6\" class=\"bv-shared bv-core-container-165 bv-rating-top-statistic\">\n <!--[if lt IE 7]> <div class=\"bv-compat bvie6 bvie-lt8 bvie\"> <![endif]--> <!--[if IE 7]> <div class=\"bv-compat bvie7 bvie-lt8 bvie\"> <![endif]--> <!--[if IE 8]> <div class=\"bv-compat bvie8 bvie\"> <![endif]--> <!--[if IE 9]> <div class=\"bv-compat bvie9 bvie\"> <![endif]--> <!--[if gt IE 9]> <!--><div class=\"bv-compat\"> <!--<![endif]--> <div class=\"bv-inline-rating-container\">   <dl class=\"bv-stars-container\" role=\"presentation\">    <dd class=\"bv-rating-ratio\" role=\"presentation\">  <span class=\"bv-rating-stars-container\">   <span class=\"bv-rating-stars bv-rating-stars-off\" aria-hidden=\"true\">  ★★★★★  </span> <span class=\"bv-rating-stars-on bv-rating-stars\" style=\"width:0% !important;\" aria-hidden=\"true\">  ★★★★★  </span>        </span>  </dd>     </dl>   </div> </div> \n</div> </div></div> <h3 class=\"teaser-product__name\" data-js-module=\"line-limiter\" data-js-options=\"{&quot;lines&quot;: 2}\"><em class=\"teaser-product__brand\">Alterra</em> Schönheits-Elixier</h3> </a> \n            </div> \n            <div class=\"teaser-product__availability-box\"> \n            </div> \n           </div> \n          </div> \n         </div> \n        </div> \n        <div class=\"slider__item is-1x2\" data-js-atom=\"slider-item\" style=\"left: 150%;\"> \n         <div class=\"c-teaser-product\" data-prd-id=\"017107\" data-prd-price=\"2.99\" data-css=\"c-teaser-product\" data-js-module=\"teaser-product-hover\" data-js-options=\"{&quot;activemediaquery&quot;:&quot;tablet-p,mobile-l,mobile-p&quot;}\"> \n          <div class=\"teaser-product__box\"> \n           <div class=\"teaser-product__inner\"> \n            <a href=\"/produkte/for-your-beauty/bambus-peelingschwamm/4305615474106.html\" title=\"\" class=\"teaser-product__image-box\" data-js-atom=\"stateful-link\" data-linkid=\"4305615474106\" onclick=\"econdaView('017107', 'Bambus Peelingschwamm', '2.99', 'NULL', 'for your Beauty');\"> <img class=\"teaser-product__image lazyload\" src=\"data:image/gif;base64,R0lGODlhAQABAAAAACH5BAEKAAEALAAAAAABAAEAAAICTAEAOw==\" data-src=\"https://media.rossmann-cdn.de/product/430/561/547/4305615474106_E_1_1.png\" alt=\"\"> </a> \n            <div class=\"teaser-product__content\"> \n             <a class=\"teaser-product__cta is-not-available\" href=\"/produkte/for-your-beauty/bambus-peelingschwamm/4305615474106.html\" data-js-atom=\"stateful-link\" data-linkid=\"4305615474106\" onclick=\"econdaView('017107', 'Bambus Peelingschwamm', '2.99', 'NULL', 'for your Beauty');\"> <span class=\"teaser-product__cta-icon\"></span> </a> \n             <div class=\"c-product-price--product-teaser\" data-css=\"c-product-price\"> \n              <div class=\"product-price__current\"> \n               <span class=\"product-price__current-entity\">2.</span> \n               <span class=\"product-price__current-partial\">99</span> \n               <span class=\"product-price__current-currency\">€</span> \n              </div> \n              <div class=\"product-price__quantity\">\n               1 Stück\n              </div> \n              <div class=\"product-price__addon\">\n                In Kürze wieder verfügbar. \n              </div> \n             </div> \n             <a href=\"/produkte/for-your-beauty/bambus-peelingschwamm/4305615474106.html\" title=\"zur Produktdetailseite\" class=\"teaser-product__title-box\" data-js-atom=\"stateful-link\" data-linkid=\"4305615474106\" onclick=\"econdaView('017107', 'Bambus Peelingschwamm', '2.99', 'NULL', 'for your Beauty');\"> \n              <div id=\"BVRRInlineRatingContainer-4305615474106\" class=\"teaser-product__rating\" data-js-atom=\"bv-integration-inline-rating\"> <div class=\"bv-cleanslate bv-cv2-cleanslate\"> <div data-bv-v=\"ratingItem:20\" class=\"bv-shared bv-core-container-165 bv-rating-top-statistic\">\n <!--[if lt IE 7]> <div class=\"bv-compat bvie6 bvie-lt8 bvie\"> <![endif]--> <!--[if IE 7]> <div class=\"bv-compat bvie7 bvie-lt8 bvie\"> <![endif]--> <!--[if IE 8]> <div class=\"bv-compat bvie8 bvie\"> <![endif]--> <!--[if IE 9]> <div class=\"bv-compat bvie9 bvie\"> <![endif]--> <!--[if gt IE 9]> <!--><div class=\"bv-compat\"> <!--<![endif]--> <div class=\"bv-inline-rating-container\">   <dl class=\"bv-stars-container\" role=\"presentation\">    <dd class=\"bv-rating-ratio\" role=\"presentation\">  <span class=\"bv-rating-stars-container\">   <span class=\"bv-rating-stars bv-rating-stars-off\" aria-hidden=\"true\">  ★★★★★  </span> <span class=\"bv-rating-stars-on bv-rating-stars\" style=\"width:0% !important;\" aria-hidden=\"true\">  ★★★★★  </span>        </span>  </dd>     </dl>   </div> </div> \n</div> </div></div> <h3 class=\"teaser-product__name\" data-js-module=\"line-limiter\" data-js-options=\"{&quot;lines&quot;: 2}\"><em class=\"teaser-product__brand\">for your Beauty</em> Bambus Peelingschwamm</h3> </a> \n            </div> \n            <div class=\"teaser-product__availability-box\"> \n            </div> \n           </div> \n          </div> \n         </div> \n        </div> \n        <div class=\"slider__item is-1x2\" data-js-atom=\"slider-item\" style=\"left: 175%;\"> \n         <div class=\"c-teaser-product\" data-prd-id=\"058711\" data-prd-price=\"6.99\" data-css=\"c-teaser-product\" data-js-module=\"teaser-product-hover\" data-js-options=\"{&quot;activemediaquery&quot;:&quot;tablet-p,mobile-l,mobile-p&quot;}\"> \n          <div class=\"teaser-product__box\"> \n           <div class=\"teaser-product__inner\"> \n            <a href=\"/produkte/enerbio/bio-superfoodpulver-rote-beere/4305615496023.html\" title=\"\" class=\"teaser-product__image-box\" data-js-atom=\"stateful-link\" data-linkid=\"4305615496023\" onclick=\"econdaView('058711', 'Bio Superfoodpulver Rote Beere', '6.99', 'NULL', 'enerBiO');\"> <img class=\"teaser-product__image lazyload\" src=\"data:image/gif;base64,R0lGODlhAQABAAAAACH5BAEKAAEALAAAAAABAAEAAAICTAEAOw==\" data-src=\"https://media.rossmann-cdn.de/product/430/561/549/4305615496023_E_1_1.png\" alt=\"\"> </a> \n            <div class=\"teaser-product__content\"> \n             <a class=\"teaser-product__cta is-available\" data-js-module=\"lightbox\" title=\"in den Warenkorb\" data-js-options=\"{&quot;id&quot;:0,&quot;modifierClass&quot;:&quot;is-large&quot;,&quot;type&quot;:&quot;ajax&quot;,&quot;url&quot;:&quot;/productOverlay.html?ean=4305615496023&quot;,&quot;destroyClickEvent&quot;:true,&quot;activemediaquery&quot;:&quot;tablet, desktop&quot;}\" data-js-atom=\"stateful-link\" data-linkid=\"4305615496023\" onclick=\"econdaView('058711', 'Bio Superfoodpulver Rote Beere', '6.99', 'NULL', 'enerBiO');\"> in den Warenkorb <span class=\"teaser-product__cta-icon\"></span> </a> \n             <div class=\"c-product-price--product-teaser\" data-css=\"c-product-price\"> \n              <div class=\"product-price__current\"> \n               <span class=\"product-price__current-entity\">6.</span> \n               <span class=\"product-price__current-partial\">99</span> \n               <span class=\"product-price__current-currency\">€</span> \n              </div> \n              <div class=\"product-price__quantity\">\n               100 g = 4,66 €, 150 g\n              </div> \n             </div> \n             <a href=\"/produkte/enerbio/bio-superfoodpulver-rote-beere/4305615496023.html\" title=\"zur Produktdetailseite\" class=\"teaser-product__title-box\" data-js-atom=\"stateful-link\" data-linkid=\"4305615496023\" onclick=\"econdaView('058711', 'Bio Superfoodpulver Rote Beere', '6.99', 'NULL', 'enerBiO');\"> \n              <div id=\"BVRRInlineRatingContainer-4305615496023\" class=\"teaser-product__rating\" data-js-atom=\"bv-integration-inline-rating\"> <div class=\"bv-cleanslate bv-cv2-cleanslate\"> <div data-bv-v=\"ratingItem:4\" class=\"bv-shared bv-core-container-165 bv-rating-top-statistic\">\n <!--[if lt IE 7]> <div class=\"bv-compat bvie6 bvie-lt8 bvie\"> <![endif]--> <!--[if IE 7]> <div class=\"bv-compat bvie7 bvie-lt8 bvie\"> <![endif]--> <!--[if IE 8]> <div class=\"bv-compat bvie8 bvie\"> <![endif]--> <!--[if IE 9]> <div class=\"bv-compat bvie9 bvie\"> <![endif]--> <!--[if gt IE 9]> <!--><div class=\"bv-compat\"> <!--<![endif]--> <div class=\"bv-inline-rating-container\">   <dl class=\"bv-stars-container\" role=\"presentation\">    <dd class=\"bv-rating-ratio\" role=\"presentation\">  <span class=\"bv-rating-stars-container\">   <span class=\"bv-rating-stars bv-rating-stars-off\" aria-hidden=\"true\">  ★★★★★  </span> <span class=\"bv-rating-stars-on bv-rating-stars\" style=\"width:0% !important;\" aria-hidden=\"true\">  ★★★★★  </span>        </span>  </dd>     </dl>   </div> </div> \n</div> </div></div> <h3 class=\"teaser-product__name\" data-js-module=\"line-limiter\" data-js-options=\"{&quot;lines&quot;: 2}\"><em class=\"teaser-product__brand\">enerBiO</em> Bio Superfoodpulver Rote Beere</h3> </a> \n            </div> \n            <div class=\"teaser-product__availability-box\"> \n            </div> \n           </div> \n          </div> \n         </div> \n        </div> \n        <div class=\"slider__item is-1x2\" data-js-atom=\"slider-item\" style=\"left: 200%;\"> \n         <div class=\"c-teaser-product\" data-prd-id=\"752633\" data-prd-price=\"4.29\" data-css=\"c-teaser-product\" data-js-module=\"teaser-product-hover\" data-js-options=\"{&quot;activemediaquery&quot;:&quot;tablet-p,mobile-l,mobile-p&quot;}\"> \n          <div class=\"teaser-product__box\"> \n           <div class=\"teaser-product__inner\"> \n            <a href=\"/produkte/veganz/bio-kokosbluetensirup/4260402482545.html\" title=\"\" class=\"teaser-product__image-box\" data-js-atom=\"stateful-link\" data-linkid=\"4260402482545\" onclick=\"econdaView('752633', 'Bio Kokosblütensirup', '4.29', 'NULL', 'veganz');\"> <img class=\"teaser-product__image lazyload\" src=\"data:image/gif;base64,R0lGODlhAQABAAAAACH5BAEKAAEALAAAAAABAAEAAAICTAEAOw==\" data-src=\"https://media.rossmann-cdn.de/product/426/040/248/4260402482545_E_1_1.png\" alt=\"\"> </a> \n            <div class=\"teaser-product__content\"> \n             <a class=\"teaser-product__cta is-available\" data-js-module=\"lightbox\" title=\"in den Warenkorb\" data-js-options=\"{&quot;id&quot;:0,&quot;modifierClass&quot;:&quot;is-large&quot;,&quot;type&quot;:&quot;ajax&quot;,&quot;url&quot;:&quot;/productOverlay.html?ean=4260402482545&quot;,&quot;destroyClickEvent&quot;:true,&quot;activemediaquery&quot;:&quot;tablet, desktop&quot;}\" data-js-atom=\"stateful-link\" data-linkid=\"4260402482545\" onclick=\"econdaView('752633', 'Bio Kokosblütensirup', '4.29', 'NULL', 'veganz');\"> in den Warenkorb <span class=\"teaser-product__cta-icon\"></span> </a> \n             <div class=\"c-product-price--product-teaser\" data-css=\"c-product-price\"> \n              <div class=\"product-price__current\"> \n               <span class=\"product-price__current-entity\">4.</span> \n               <span class=\"product-price__current-partial\">29</span> \n               <span class=\"product-price__current-currency\">€</span> \n              </div> \n              <div class=\"product-price__quantity\">\n               100 ml = 2,38 €, 180 ml\n              </div> \n             </div> \n             <a href=\"/produkte/veganz/bio-kokosbluetensirup/4260402482545.html\" title=\"zur Produktdetailseite\" class=\"teaser-product__title-box\" data-js-atom=\"stateful-link\" data-linkid=\"4260402482545\" onclick=\"econdaView('752633', 'Bio Kokosblütensirup', '4.29', 'NULL', 'veganz');\"> \n              <div id=\"BVRRInlineRatingContainer-4260402482545\" class=\"teaser-product__rating\" data-js-atom=\"bv-integration-inline-rating\"> <div class=\"bv-cleanslate bv-cv2-cleanslate\"> <div data-bv-v=\"ratingItem:26\" class=\"bv-shared bv-core-container-165 bv-rating-top-statistic\">\n <!--[if lt IE 7]> <div class=\"bv-compat bvie6 bvie-lt8 bvie\"> <![endif]--> <!--[if IE 7]> <div class=\"bv-compat bvie7 bvie-lt8 bvie\"> <![endif]--> <!--[if IE 8]> <div class=\"bv-compat bvie8 bvie\"> <![endif]--> <!--[if IE 9]> <div class=\"bv-compat bvie9 bvie\"> <![endif]--> <!--[if gt IE 9]> <!--><div class=\"bv-compat\"> <!--<![endif]--> <div class=\"bv-inline-rating-container\">   <dl class=\"bv-stars-container\" role=\"presentation\">    <dd class=\"bv-rating-ratio\" role=\"presentation\">  <span class=\"bv-rating-stars-container\">   <span class=\"bv-rating-stars bv-rating-stars-off\" aria-hidden=\"true\">  ★★★★★  </span> <span class=\"bv-rating-stars-on bv-rating-stars\" style=\"width:100% !important;\" aria-hidden=\"true\">  ★★★★★  </span>     <span class=\"bv-off-screen\">5 von 5 Sternen. Bewertungen lesen.</span>     </span>  </dd>     </dl>   </div> </div> \n</div> </div></div> <h3 class=\"teaser-product__name\" data-js-module=\"line-limiter\" data-js-options=\"{&quot;lines&quot;: 2}\"><em class=\"teaser-product__brand\">veganz</em> Bio Kokosblütensirup</h3> </a> \n            </div> \n            <div class=\"teaser-product__availability-box\"> \n            </div> \n           </div> \n          </div> \n         </div> \n        </div> \n        <div class=\"slider__item is-1x2\" data-js-atom=\"slider-item\" style=\"left: 225%;\"> \n         <div class=\"c-teaser-product\" data-prd-id=\"003518\" data-prd-price=\"3.49\" data-css=\"c-teaser-product\" data-js-module=\"teaser-product-hover\" data-js-options=\"{&quot;activemediaquery&quot;:&quot;tablet-p,mobile-l,mobile-p&quot;}\"> \n          <div class=\"teaser-product__box\"> \n           <div class=\"teaser-product__inner\"> \n            <a href=\"/produkte/enerbio/bio-protein-muesli-power-station/4305615535326.html\" title=\"\" class=\"teaser-product__image-box\" data-js-atom=\"stateful-link\" data-linkid=\"4305615535326\" onclick=\"econdaView('003518', 'Bio Protein-Müsli Power Station', '3.49', 'NULL', 'enerBiO');\"> <img class=\"teaser-product__image lazyload\" src=\"data:image/gif;base64,R0lGODlhAQABAAAAACH5BAEKAAEALAAAAAABAAEAAAICTAEAOw==\" data-src=\"https://media.rossmann-cdn.de/product/430/561/553/4305615535326_E_1_1.png\" alt=\"\"> </a> \n            <p class=\"teaser-product__highlight-text\">neu</p> \n            <div class=\"teaser-product__content\"> \n             <a class=\"teaser-product__cta is-available\" data-js-module=\"lightbox\" title=\"in den Warenkorb\" data-js-options=\"{&quot;id&quot;:0,&quot;modifierClass&quot;:&quot;is-large&quot;,&quot;type&quot;:&quot;ajax&quot;,&quot;url&quot;:&quot;/productOverlay.html?ean=4305615535326&quot;,&quot;destroyClickEvent&quot;:true,&quot;activemediaquery&quot;:&quot;tablet, desktop&quot;}\" data-js-atom=\"stateful-link\" data-linkid=\"4305615535326\" onclick=\"econdaView('003518', 'Bio Protein-Müsli Power Station', '3.49', 'NULL', 'enerBiO');\"> in den Warenkorb <span class=\"teaser-product__cta-icon\"></span> </a> \n             <div class=\"c-product-price--product-teaser\" data-css=\"c-product-price\"> \n              <div class=\"product-price__current\"> \n               <span class=\"product-price__current-entity\">3.</span> \n               <span class=\"product-price__current-partial\">49</span> \n               <span class=\"product-price__current-currency\">€</span> \n              </div> \n              <div class=\"product-price__quantity\">\n               1 kg = 9,31 €, 375 g, = ca. 7 Portionen\n              </div> \n             </div> \n             <a href=\"/produkte/enerbio/bio-protein-muesli-power-station/4305615535326.html\" title=\"zur Produktdetailseite\" class=\"teaser-product__title-box\" data-js-atom=\"stateful-link\" data-linkid=\"4305615535326\" onclick=\"econdaView('003518', 'Bio Protein-Müsli Power Station', '3.49', 'NULL', 'enerBiO');\"> \n              <div id=\"BVRRInlineRatingContainer-4305615535326\" class=\"teaser-product__rating\" data-js-atom=\"bv-integration-inline-rating\"> <div class=\"bv-cleanslate bv-cv2-cleanslate\"> <div data-bv-v=\"ratingItem:25\" class=\"bv-shared bv-core-container-165 bv-rating-top-statistic\">\n <!--[if lt IE 7]> <div class=\"bv-compat bvie6 bvie-lt8 bvie\"> <![endif]--> <!--[if IE 7]> <div class=\"bv-compat bvie7 bvie-lt8 bvie\"> <![endif]--> <!--[if IE 8]> <div class=\"bv-compat bvie8 bvie\"> <![endif]--> <!--[if IE 9]> <div class=\"bv-compat bvie9 bvie\"> <![endif]--> <!--[if gt IE 9]> <!--><div class=\"bv-compat\"> <!--<![endif]--> <div class=\"bv-inline-rating-container\">   <dl class=\"bv-stars-container\" role=\"presentation\">    <dd class=\"bv-rating-ratio\" role=\"presentation\">  <span class=\"bv-rating-stars-container\">   <span class=\"bv-rating-stars bv-rating-stars-off\" aria-hidden=\"true\">  ★★★★★  </span> <span class=\"bv-rating-stars-on bv-rating-stars\" style=\"width:0% !important;\" aria-hidden=\"true\">  ★★★★★  </span>        </span>  </dd>     </dl>   </div> </div> \n</div> </div></div> <h3 class=\"teaser-product__name\" data-js-module=\"line-limiter\" data-js-options=\"{&quot;lines&quot;: 2}\"><em class=\"teaser-product__brand\">enerBiO</em> Bio Protein-Müsli Power Station</h3> </a> \n            </div> \n            <div class=\"teaser-product__availability-box\"> \n            </div> \n           </div> \n          </div> \n         </div> \n        </div> \n        <div class=\"slider__item is-1x2\" data-js-atom=\"slider-item\" style=\"left: 250%;\"> \n         <div class=\"c-teaser-product\" data-prd-id=\"408035\" data-prd-price=\"2.99\" data-css=\"c-teaser-product\" data-js-module=\"teaser-product-hover\" data-js-options=\"{&quot;activemediaquery&quot;:&quot;tablet-p,mobile-l,mobile-p&quot;}\"> \n          <div class=\"teaser-product__box\"> \n           <div class=\"teaser-product__inner\"> \n            <a href=\"/produkte/bio-zentrale/bio-risotto-gemuese/4005009102065.html\" title=\"\" class=\"teaser-product__image-box\" data-js-atom=\"stateful-link\" data-linkid=\"4005009102065\" onclick=\"econdaView('408035', 'Bio Risotto Gemüse', '2.99', 'NULL', 'Bio Zentrale');\"> <img class=\"teaser-product__image lazyload\" src=\"data:image/gif;base64,R0lGODlhAQABAAAAACH5BAEKAAEALAAAAAABAAEAAAICTAEAOw==\" data-src=\"https://media.rossmann-cdn.de/product/400/500/910/4005009102065_E_1_1.png\" alt=\"\"> </a> \n            <div class=\"teaser-product__content\"> \n             <a class=\"teaser-product__cta is-available\" data-js-module=\"lightbox\" title=\"in den Warenkorb\" data-js-options=\"{&quot;id&quot;:0,&quot;modifierClass&quot;:&quot;is-large&quot;,&quot;type&quot;:&quot;ajax&quot;,&quot;url&quot;:&quot;/productOverlay.html?ean=4005009102065&quot;,&quot;destroyClickEvent&quot;:true,&quot;activemediaquery&quot;:&quot;tablet, desktop&quot;}\" data-js-atom=\"stateful-link\" data-linkid=\"4005009102065\" onclick=\"econdaView('408035', 'Bio Risotto Gemüse', '2.99', 'NULL', 'Bio Zentrale');\"> in den Warenkorb <span class=\"teaser-product__cta-icon\"></span> </a> \n             <div class=\"c-product-price--product-teaser\" data-css=\"c-product-price\"> \n              <div class=\"product-price__current\"> \n               <span class=\"product-price__current-entity\">2.</span> \n               <span class=\"product-price__current-partial\">99</span> \n               <span class=\"product-price__current-currency\">€</span> \n              </div> \n              <div class=\"product-price__quantity\">\n               100 g = 1,20 €, 250 g\n              </div> \n             </div> \n             <a href=\"/produkte/bio-zentrale/bio-risotto-gemuese/4005009102065.html\" title=\"zur Produktdetailseite\" class=\"teaser-product__title-box\" data-js-atom=\"stateful-link\" data-linkid=\"4005009102065\" onclick=\"econdaView('408035', 'Bio Risotto Gemüse', '2.99', 'NULL', 'Bio Zentrale');\"> \n              <div id=\"BVRRInlineRatingContainer-4005009102065\" class=\"teaser-product__rating\" data-js-atom=\"bv-integration-inline-rating\"> <div class=\"bv-cleanslate bv-cv2-cleanslate\"> <div data-bv-v=\"ratingItem:3\" class=\"bv-shared bv-core-container-165 bv-rating-top-statistic\">\n <!--[if lt IE 7]> <div class=\"bv-compat bvie6 bvie-lt8 bvie\"> <![endif]--> <!--[if IE 7]> <div class=\"bv-compat bvie7 bvie-lt8 bvie\"> <![endif]--> <!--[if IE 8]> <div class=\"bv-compat bvie8 bvie\"> <![endif]--> <!--[if IE 9]> <div class=\"bv-compat bvie9 bvie\"> <![endif]--> <!--[if gt IE 9]> <!--><div class=\"bv-compat\"> <!--<![endif]--> <div class=\"bv-inline-rating-container\">   <dl class=\"bv-stars-container\" role=\"presentation\">    <dd class=\"bv-rating-ratio\" role=\"presentation\">  <span class=\"bv-rating-stars-container\">   <span class=\"bv-rating-stars bv-rating-stars-off\" aria-hidden=\"true\">  ★★★★★  </span> <span class=\"bv-rating-stars-on bv-rating-stars\" style=\"width:0% !important;\" aria-hidden=\"true\">  ★★★★★  </span>        </span>  </dd>     </dl>   </div> </div> \n</div> </div></div> <h3 class=\"teaser-product__name\" data-js-module=\"line-limiter\" data-js-options=\"{&quot;lines&quot;: 2}\"><em class=\"teaser-product__brand\">Bio Zentrale</em> Bio Risotto Gemüse</h3> </a> \n            </div> \n            <div class=\"teaser-product__availability-box\"> \n            </div> \n           </div> \n          </div> \n         </div> \n        </div> \n        <div class=\"slider__item is-1x2\" data-js-atom=\"slider-item\" style=\"left: 275%;\"> \n         <div class=\"c-teaser-product\" data-prd-id=\"263870\" data-prd-price=\"2.79\" data-css=\"c-teaser-product\" data-js-module=\"teaser-product-hover\" data-js-options=\"{&quot;activemediaquery&quot;:&quot;tablet-p,mobile-l,mobile-p&quot;}\"> \n          <div class=\"teaser-product__box\"> \n           <div class=\"teaser-product__inner\"> \n            <a href=\"/produkte/lavera/2in1-pflege-hand-nagelcreme/4021457619467.html\" title=\"\" class=\"teaser-product__image-box\" data-js-atom=\"stateful-link\" data-linkid=\"4021457619467\" onclick=\"econdaView('263870', '2in1 Pflege Hand &amp; Nagelcreme', '2.79', 'NULL', 'lavera');\"> <img class=\"teaser-product__image lazyload\" src=\"data:image/gif;base64,R0lGODlhAQABAAAAACH5BAEKAAEALAAAAAABAAEAAAICTAEAOw==\" data-src=\"https://media.rossmann-cdn.de/product/402/145/761/4021457619467_E_1_1.png\" alt=\"\"> </a> \n            <p class=\"teaser-product__highlight-text\">aus der werbung</p> \n            <div class=\"teaser-product__content\"> \n             <a class=\"teaser-product__cta is-available\" data-js-module=\"lightbox\" title=\"in den Warenkorb\" data-js-options=\"{&quot;id&quot;:0,&quot;modifierClass&quot;:&quot;is-large&quot;,&quot;type&quot;:&quot;ajax&quot;,&quot;url&quot;:&quot;/productOverlay.html?ean=4021457619467&quot;,&quot;destroyClickEvent&quot;:true,&quot;activemediaquery&quot;:&quot;tablet, desktop&quot;}\" data-js-atom=\"stateful-link\" data-linkid=\"4021457619467\" onclick=\"econdaView('263870', '2in1 Pflege Hand &amp; Nagelcreme', '2.79', 'NULL', 'lavera');\"> in den Warenkorb <span class=\"teaser-product__cta-icon\"></span> </a> \n             <div class=\"c-product-price--product-teaser\" data-css=\"c-product-price\"> \n              <div class=\"product-price__old\"> \n               <span class=\"product-price__old-intro\">alter Preis</span> \n               <span class=\"product-price__old-value\">2,99</span> \n               <span class=\"product-price__old-currency\">€</span> \n              </div> \n              <div class=\"product-price__current\"> \n               <span class=\"product-price__current-entity\">2.</span> \n               <span class=\"product-price__current-partial\">79</span> \n               <span class=\"product-price__current-currency\">€</span> \n              </div> \n              <div class=\"product-price__quantity\">\n               100 ml = 3,72 €, 75 ml\n              </div> \n             </div> \n             <a href=\"/produkte/lavera/2in1-pflege-hand-nagelcreme/4021457619467.html\" title=\"zur Produktdetailseite\" class=\"teaser-product__title-box\" data-js-atom=\"stateful-link\" data-linkid=\"4021457619467\" onclick=\"econdaView('263870', '2in1 Pflege Hand &amp; Nagelcreme', '2.79', 'NULL', 'lavera');\"> \n              <div id=\"BVRRInlineRatingContainer-4021457619467\" class=\"teaser-product__rating\" data-js-atom=\"bv-integration-inline-rating\"> <div class=\"bv-cleanslate bv-cv2-cleanslate\"> <div data-bv-v=\"ratingItem:29\" class=\"bv-shared bv-core-container-165 bv-rating-top-statistic\">\n <!--[if lt IE 7]> <div class=\"bv-compat bvie6 bvie-lt8 bvie\"> <![endif]--> <!--[if IE 7]> <div class=\"bv-compat bvie7 bvie-lt8 bvie\"> <![endif]--> <!--[if IE 8]> <div class=\"bv-compat bvie8 bvie\"> <![endif]--> <!--[if IE 9]> <div class=\"bv-compat bvie9 bvie\"> <![endif]--> <!--[if gt IE 9]> <!--><div class=\"bv-compat\"> <!--<![endif]--> <div class=\"bv-inline-rating-container\">   <dl class=\"bv-stars-container\" role=\"presentation\">    <dd class=\"bv-rating-ratio\" role=\"presentation\">  <span class=\"bv-rating-stars-container\">   <span class=\"bv-rating-stars bv-rating-stars-off\" aria-hidden=\"true\">  ★★★★★  </span> <span class=\"bv-rating-stars-on bv-rating-stars\" style=\"width:0% !important;\" aria-hidden=\"true\">  ★★★★★  </span>        </span>  </dd>     </dl>   </div> </div> \n</div> </div></div> <h3 class=\"teaser-product__name\" data-js-module=\"line-limiter\" data-js-options=\"{&quot;lines&quot;: 2}\"><em class=\"teaser-product__brand\">lavera</em> 2in1 Pflege Hand &amp; Nagelcreme</h3> </a> \n            </div> \n            <div class=\"teaser-product__availability-box\"> \n            </div> \n           </div> \n          </div> \n         </div> \n        </div> \n       </div> \n      </div> \n      <div class=\"slider__controls\"> \n       <div class=\"slider__pagination\" data-js-atom=\"pagination\" data-js-ref=\"#\"> \n        <ul class=\"slider__pagination-list\" data-js-atom=\"pagination-list\" style=\"visibility: visible;\"><li class=\"slider__pagination-item is-active\" data-js-atom=\"pagination-list-item\"></li><li class=\"slider__pagination-item\" data-js-atom=\"pagination-list-item\"></li><li class=\"slider__pagination-item\" data-js-atom=\"pagination-list-item\"></li></ul> \n       </div> \n       <div class=\"slider__navigation\"> \n        <button class=\"slider__navigation-prev\" data-js-atom=\"navigation-prev\" style=\"display: none;\"> <span class=\"slider__navigation-icon\">Vorher</span> </button> \n        <button class=\"slider__navigation-next\" data-js-atom=\"navigation-next\"> <span class=\"slider__navigation-icon\">Weiter</span> </button> \n       </div> \n      </div> \n     </div> \n    </div> \n   </section> \n   <section class=\"c-teaser-group--default\" data-css=\"c-teaser-group\"> \n    <div class=\"teaser-group__inner\"> \n     <h2 class=\"teaser-group__headline\">Alle Kategorien</h2> \n     <div class=\"teaser-group__box none\"> \n      <div class=\"teaser-group__item is-2x1\"> \n       <div class=\"c-teaser\" data-css=\"c-teaser\" data-js-module=\"teaser-hover\"> \n        <a class=\"teaser__linkbox\" href=\"https://www.rossmann.de/einkaufsportal/angebote.html\"> \n         <div class=\"teaser__image-box\"> \n          <picture class=\"c-picture\" data-css=\"c-picture\"> \n           <source srcset=\"https://www.rossmann-cdn.de/.imaging/stk/einkaufsportal/2x1teaser_320/dam/einkaufsportal/angebote/Angebotswoche/FT_Angebote_Uebersicht.jpg/jcr:content/FT_Angebote_Uebersicht.jpg.2017-01-23-09-17-35.jpg 1x,https://www.rossmann-cdn.de/.imaging/stk/einkaufsportal/2x1teaser_320x2/dam/einkaufsportal/angebote/Angebotswoche/FT_Angebote_Uebersicht.jpg/jcr:content/FT_Angebote_Uebersicht.jpg.2017-01-23-09-17-35.jpg 2x\" media=\"(max-width: 320px)\"> \n           <source srcset=\"https://www.rossmann-cdn.de/.imaging/stk/einkaufsportal/2x1teaser_479/dam/einkaufsportal/angebote/Angebotswoche/FT_Angebote_Uebersicht.jpg/jcr:content/FT_Angebote_Uebersicht.jpg.2017-01-23-09-17-35.jpg 1x,https://www.rossmann-cdn.de/.imaging/stk/einkaufsportal/2x1teaser_479x2/dam/einkaufsportal/angebote/Angebotswoche/FT_Angebote_Uebersicht.jpg/jcr:content/FT_Angebote_Uebersicht.jpg.2017-01-23-09-17-35.jpg 2x\" media=\"(max-width: 479px)\"> \n           <source srcset=\"https://www.rossmann-cdn.de/.imaging/stk/einkaufsportal/2x1teaser_640/dam/einkaufsportal/angebote/Angebotswoche/FT_Angebote_Uebersicht.jpg/jcr:content/FT_Angebote_Uebersicht.jpg.2017-01-23-09-17-35.jpg 1x,https://www.rossmann-cdn.de/.imaging/stk/einkaufsportal/2x1teaser_640x2/dam/einkaufsportal/angebote/Angebotswoche/FT_Angebote_Uebersicht.jpg/jcr:content/FT_Angebote_Uebersicht.jpg.2017-01-23-09-17-35.jpg 2x\" media=\"(max-width: 640px)\"> \n           <source srcset=\"https://www.rossmann-cdn.de/.imaging/stk/einkaufsportal/2x1teaser_1024/dam/einkaufsportal/angebote/Angebotswoche/FT_Angebote_Uebersicht.jpg/jcr:content/FT_Angebote_Uebersicht.jpg.2017-01-23-09-17-35.jpg 1x,https://www.rossmann-cdn.de/.imaging/stk/einkaufsportal/2x1teaser_1024x2/dam/einkaufsportal/angebote/Angebotswoche/FT_Angebote_Uebersicht.jpg/jcr:content/FT_Angebote_Uebersicht.jpg.2017-01-23-09-17-35.jpg 2x\" media=\"(max-width: 1024px)\"> \n           <img class=\"picture__image\" src=\"https://www.rossmann-cdn.de/.imaging/stk/einkaufsportal/2x1teaser/dam/einkaufsportal/angebote/Angebotswoche/FT_Angebote_Uebersicht.jpg/jcr:content/FT_Angebote_Uebersicht.jpg.2017-01-23-09-17-35.2017-04-20-13-58-03.jpg\" alt=\"\"> \n          </picture> \n         </div> \n         <div class=\"teaser__text-box \"> \n          <div class=\"teaser__text-box-inner\"> \n           <h2 class=\"teaser__headline\"> Angebote</h2> \n           <div class=\"teaser__content\" data-js-atom=\"box\"> \n            <p class=\"teaser__text\">Attraktive Angebote, spannende Gewinnspiele, unsere Ideenwelt und unser Kundenmagazin Centaur - hier gibt es so viel Neues zu entdecken!</p> \n           </div> \n          </div> \n         </div> </a> \n       </div> \n      </div> \n      <div class=\"teaser-group__item is-1x1\"> \n       <div class=\"c-teaser\" data-css=\"c-teaser\" data-js-module=\"teaser-hover\"> \n        <a class=\"teaser__linkbox\" href=\"https://www.rossmann.de/einkaufsportal/haushalt.html\"> \n         <div class=\"teaser__image-box\"> \n          <picture class=\"c-picture\" data-css=\"c-picture\"> \n           <source srcset=\"https://www.rossmann-cdn.de/.imaging/stk/einkaufsportal/1x1teaser_320/dam/einkaufsportal/haushalt/FT_Kategorie_Haushalt.jpg/jcr:content/FT_Kategorie_Haushalt.jpg.2016-09-02-10-26-13.jpg 1x,https://www.rossmann-cdn.de/.imaging/stk/einkaufsportal/1x1teaser_320x2/dam/einkaufsportal/haushalt/FT_Kategorie_Haushalt.jpg/jcr:content/FT_Kategorie_Haushalt.jpg.2016-09-02-10-26-13.jpg 2x\" media=\"(max-width: 320px)\"> \n           <source srcset=\"https://www.rossmann-cdn.de/.imaging/stk/einkaufsportal/1x1teaser_479/dam/einkaufsportal/haushalt/FT_Kategorie_Haushalt.jpg/jcr:content/FT_Kategorie_Haushalt.jpg.2016-09-02-10-26-13.jpg 1x,https://www.rossmann-cdn.de/.imaging/stk/einkaufsportal/1x1teaser_479x2/dam/einkaufsportal/haushalt/FT_Kategorie_Haushalt.jpg/jcr:content/FT_Kategorie_Haushalt.jpg.2016-09-02-10-26-13.jpg 2x\" media=\"(max-width: 479px)\"> \n           <source srcset=\"https://www.rossmann-cdn.de/.imaging/stk/einkaufsportal/1x1teaser_1024/dam/einkaufsportal/haushalt/FT_Kategorie_Haushalt.jpg/jcr:content/FT_Kategorie_Haushalt.jpg.2016-09-02-10-26-13.jpg 1x,https://www.rossmann-cdn.de/.imaging/stk/einkaufsportal/1x1teaser_1024x2/dam/einkaufsportal/haushalt/FT_Kategorie_Haushalt.jpg/jcr:content/FT_Kategorie_Haushalt.jpg.2016-09-02-10-26-13.jpg 2x\" media=\"(max-width: 1024px)\"> \n           <img class=\"picture__image\" src=\"https://www.rossmann-cdn.de/.imaging/stk/einkaufsportal/1x1teaser/dam/einkaufsportal/haushalt/FT_Kategorie_Haushalt.jpg/jcr:content/FT_Kategorie_Haushalt.jpg.2016-09-02-10-26-13.2016-09-06-11-10-52.jpg\" alt=\"\"> \n          </picture> \n         </div> \n         <div class=\"teaser__text-box \"> \n          <div class=\"teaser__text-box-inner\"> \n           <h2 class=\"teaser__headline\"> Haushalt</h2> \n           <div class=\"teaser__content\" data-js-atom=\"box\"> \n            <p class=\"teaser__text\">Ob Putzen, Waschen, Kochen oder Nähen - hier finden Sie viele praktische Helfer für Ihr Zuhause.</p> \n           </div> \n          </div> \n         </div> </a> \n       </div> \n      </div> \n      <div class=\"teaser-group__item is-1x1\"> \n       <div class=\"c-teaser\" data-css=\"c-teaser\" data-js-module=\"teaser-hover\"> \n        <a class=\"teaser__linkbox\" href=\"https://www.rossmann.de/einkaufsportal/tier.html\"> \n         <div class=\"teaser__image-box\"> \n          <picture class=\"c-picture\" data-css=\"c-picture\"> \n           <source srcset=\"https://www.rossmann-cdn.de/.imaging/stk/einkaufsportal/1x1teaser_320/dam/einkaufsportal/tier/FT_Kategorie_Tier.jpg/jcr:content/FT_Kategorie_Tier.jpg.2016-09-02-10-26-37.jpg 1x,https://www.rossmann-cdn.de/.imaging/stk/einkaufsportal/1x1teaser_320x2/dam/einkaufsportal/tier/FT_Kategorie_Tier.jpg/jcr:content/FT_Kategorie_Tier.jpg.2016-09-02-10-26-37.jpg 2x\" media=\"(max-width: 320px)\"> \n           <source srcset=\"https://www.rossmann-cdn.de/.imaging/stk/einkaufsportal/1x1teaser_479/dam/einkaufsportal/tier/FT_Kategorie_Tier.jpg/jcr:content/FT_Kategorie_Tier.jpg.2016-09-02-10-26-37.jpg 1x,https://www.rossmann-cdn.de/.imaging/stk/einkaufsportal/1x1teaser_479x2/dam/einkaufsportal/tier/FT_Kategorie_Tier.jpg/jcr:content/FT_Kategorie_Tier.jpg.2016-09-02-10-26-37.jpg 2x\" media=\"(max-width: 479px)\"> \n           <source srcset=\"https://www.rossmann-cdn.de/.imaging/stk/einkaufsportal/1x1teaser_1024/dam/einkaufsportal/tier/FT_Kategorie_Tier.jpg/jcr:content/FT_Kategorie_Tier.jpg.2016-09-02-10-26-37.jpg 1x,https://www.rossmann-cdn.de/.imaging/stk/einkaufsportal/1x1teaser_1024x2/dam/einkaufsportal/tier/FT_Kategorie_Tier.jpg/jcr:content/FT_Kategorie_Tier.jpg.2016-09-02-10-26-37.jpg 2x\" media=\"(max-width: 1024px)\"> \n           <img class=\"picture__image\" src=\"https://www.rossmann-cdn.de/.imaging/stk/einkaufsportal/1x1teaser/dam/einkaufsportal/tier/FT_Kategorie_Tier.jpg/jcr:content/FT_Kategorie_Tier.jpg.2016-09-02-10-26-37.2016-09-06-11-11-31.jpg\" alt=\"\"> \n          </picture> \n         </div> \n         <div class=\"teaser__text-box \"> \n          <div class=\"teaser__text-box-inner\"> \n           <h2 class=\"teaser__headline\"> Tier</h2> \n           <div class=\"teaser__content\" data-js-atom=\"box\"> \n            <p class=\"teaser__text\">Alles für Ihren Liebling: Futter, Snacks und Zubehör für Hund, Katze, Nager oder Vogel finden Sie hier.</p> \n           </div> \n          </div> \n         </div> </a> \n       </div> \n      </div> \n     </div> \n     <div class=\"teaser-group__box none\"> \n      <div class=\"teaser-group__item is-1x1\"> \n       <div class=\"c-teaser\" data-css=\"c-teaser\" data-js-module=\"teaser-hover\"> \n        <a class=\"teaser__linkbox\" href=\"https://www.rossmann.de/einkaufsportal/schoenheit.html\"> \n         <div class=\"teaser__image-box\"> \n          <picture class=\"c-picture\" data-css=\"c-picture\"> \n           <source srcset=\"https://www.rossmann-cdn.de/.imaging/stk/einkaufsportal/1x1teaser_320/dam/einkaufsportal/schoenheit/FT_Kategorie_Schoenheit.jpg/jcr:content/FT_Kategorie_Schoenheit.jpg.2016-09-02-10-25-19.jpg 1x,https://www.rossmann-cdn.de/.imaging/stk/einkaufsportal/1x1teaser_320x2/dam/einkaufsportal/schoenheit/FT_Kategorie_Schoenheit.jpg/jcr:content/FT_Kategorie_Schoenheit.jpg.2016-09-02-10-25-19.jpg 2x\" media=\"(max-width: 320px)\"> \n           <source srcset=\"https://www.rossmann-cdn.de/.imaging/stk/einkaufsportal/1x1teaser_479/dam/einkaufsportal/schoenheit/FT_Kategorie_Schoenheit.jpg/jcr:content/FT_Kategorie_Schoenheit.jpg.2016-09-02-10-25-19.jpg 1x,https://www.rossmann-cdn.de/.imaging/stk/einkaufsportal/1x1teaser_479x2/dam/einkaufsportal/schoenheit/FT_Kategorie_Schoenheit.jpg/jcr:content/FT_Kategorie_Schoenheit.jpg.2016-09-02-10-25-19.jpg 2x\" media=\"(max-width: 479px)\"> \n           <source srcset=\"https://www.rossmann-cdn.de/.imaging/stk/einkaufsportal/1x1teaser_1024/dam/einkaufsportal/schoenheit/FT_Kategorie_Schoenheit.jpg/jcr:content/FT_Kategorie_Schoenheit.jpg.2016-09-02-10-25-19.jpg 1x,https://www.rossmann-cdn.de/.imaging/stk/einkaufsportal/1x1teaser_1024x2/dam/einkaufsportal/schoenheit/FT_Kategorie_Schoenheit.jpg/jcr:content/FT_Kategorie_Schoenheit.jpg.2016-09-02-10-25-19.jpg 2x\" media=\"(max-width: 1024px)\"> \n           <img class=\"picture__image\" src=\"https://www.rossmann-cdn.de/.imaging/stk/einkaufsportal/1x1teaser/dam/einkaufsportal/schoenheit/FT_Kategorie_Schoenheit.jpg/jcr:content/FT_Kategorie_Schoenheit.jpg.2016-09-02-10-25-19.2016-09-06-11-08-25.jpg\" alt=\"\"> \n          </picture> \n         </div> \n         <div class=\"teaser__text-box \"> \n          <div class=\"teaser__text-box-inner\"> \n           <h2 class=\"teaser__headline\"> Schönheit</h2> \n           <div class=\"teaser__content\" data-js-atom=\"box\"> \n            <p class=\"teaser__text\">Körper- und Gesichtspflege, Haarpflege, Make-up, Düfte und mehr - hier finden Sie einfach alles, was schön macht.</p> \n           </div> \n          </div> \n         </div> </a> \n       </div> \n      </div> \n      <div class=\"teaser-group__item is-1x1\"> \n       <div class=\"c-teaser\" data-css=\"c-teaser\" data-js-module=\"teaser-hover\"> \n        <a class=\"teaser__linkbox\" href=\"https://www.rossmann.de/einkaufsportal/baby-kind.html\"> \n         <div class=\"teaser__image-box\"> \n          <picture class=\"c-picture\" data-css=\"c-picture\"> \n           <source srcset=\"https://www.rossmann-cdn.de/.imaging/stk/einkaufsportal/1x1teaser_320/dam/einkaufsportal/baby-kind/FT_Kategorie_Baby.jpg/jcr:content/FT_Kategorie_Baby.jpg.2016-09-02-10-25-49.jpg 1x,https://www.rossmann-cdn.de/.imaging/stk/einkaufsportal/1x1teaser_320x2/dam/einkaufsportal/baby-kind/FT_Kategorie_Baby.jpg/jcr:content/FT_Kategorie_Baby.jpg.2016-09-02-10-25-49.jpg 2x\" media=\"(max-width: 320px)\"> \n           <source srcset=\"https://www.rossmann-cdn.de/.imaging/stk/einkaufsportal/1x1teaser_479/dam/einkaufsportal/baby-kind/FT_Kategorie_Baby.jpg/jcr:content/FT_Kategorie_Baby.jpg.2016-09-02-10-25-49.jpg 1x,https://www.rossmann-cdn.de/.imaging/stk/einkaufsportal/1x1teaser_479x2/dam/einkaufsportal/baby-kind/FT_Kategorie_Baby.jpg/jcr:content/FT_Kategorie_Baby.jpg.2016-09-02-10-25-49.jpg 2x\" media=\"(max-width: 479px)\"> \n           <source srcset=\"https://www.rossmann-cdn.de/.imaging/stk/einkaufsportal/1x1teaser_1024/dam/einkaufsportal/baby-kind/FT_Kategorie_Baby.jpg/jcr:content/FT_Kategorie_Baby.jpg.2016-09-02-10-25-49.jpg 1x,https://www.rossmann-cdn.de/.imaging/stk/einkaufsportal/1x1teaser_1024x2/dam/einkaufsportal/baby-kind/FT_Kategorie_Baby.jpg/jcr:content/FT_Kategorie_Baby.jpg.2016-09-02-10-25-49.jpg 2x\" media=\"(max-width: 1024px)\"> \n           <img class=\"picture__image\" src=\"https://www.rossmann-cdn.de/.imaging/stk/einkaufsportal/1x1teaser/dam/einkaufsportal/baby-kind/FT_Kategorie_Baby.jpg/jcr:content/FT_Kategorie_Baby.jpg.2016-09-02-10-25-49.2016-09-06-11-08-41.jpg\" alt=\"\"> \n          </picture> \n         </div> \n         <div class=\"teaser__text-box \"> \n          <div class=\"teaser__text-box-inner\"> \n           <h2 class=\"teaser__headline\"> Baby &amp; Kind</h2> \n           <div class=\"teaser__content\" data-js-atom=\"box\"> \n            <p class=\"teaser__text\">Von Babynahrung über Babypflege bis hin zu Windeln, Spielzeug, Möbeln und Autositzen - hier finden Sie alles für die Kleinen.</p> \n           </div> \n          </div> \n         </div> </a> \n       </div> \n      </div> \n      <div class=\"teaser-group__item is-1x1\"> \n       <div class=\"c-teaser\" data-css=\"c-teaser\" data-js-module=\"teaser-hover\"> \n        <a class=\"teaser__linkbox\" href=\"https://www.rossmann.de/einkaufsportal/gesundheit.html\"> \n         <div class=\"teaser__image-box\"> \n          <picture class=\"c-picture\" data-css=\"c-picture\"> \n           <source srcset=\"https://www.rossmann-cdn.de/.imaging/stk/einkaufsportal/1x1teaser_320/dam/einkaufsportal/gesundheit/FT_Kategorie_Gesundheit.jpg/jcr:content/FT_Kategorie_Gesundheit.jpg.2016-09-02-10-45-08.jpg 1x,https://www.rossmann-cdn.de/.imaging/stk/einkaufsportal/1x1teaser_320x2/dam/einkaufsportal/gesundheit/FT_Kategorie_Gesundheit.jpg/jcr:content/FT_Kategorie_Gesundheit.jpg.2016-09-02-10-45-08.jpg 2x\" media=\"(max-width: 320px)\"> \n           <source srcset=\"https://www.rossmann-cdn.de/.imaging/stk/einkaufsportal/1x1teaser_479/dam/einkaufsportal/gesundheit/FT_Kategorie_Gesundheit.jpg/jcr:content/FT_Kategorie_Gesundheit.jpg.2016-09-02-10-45-08.jpg 1x,https://www.rossmann-cdn.de/.imaging/stk/einkaufsportal/1x1teaser_479x2/dam/einkaufsportal/gesundheit/FT_Kategorie_Gesundheit.jpg/jcr:content/FT_Kategorie_Gesundheit.jpg.2016-09-02-10-45-08.jpg 2x\" media=\"(max-width: 479px)\"> \n           <source srcset=\"https://www.rossmann-cdn.de/.imaging/stk/einkaufsportal/1x1teaser_1024/dam/einkaufsportal/gesundheit/FT_Kategorie_Gesundheit.jpg/jcr:content/FT_Kategorie_Gesundheit.jpg.2016-09-02-10-45-08.jpg 1x,https://www.rossmann-cdn.de/.imaging/stk/einkaufsportal/1x1teaser_1024x2/dam/einkaufsportal/gesundheit/FT_Kategorie_Gesundheit.jpg/jcr:content/FT_Kategorie_Gesundheit.jpg.2016-09-02-10-45-08.jpg 2x\" media=\"(max-width: 1024px)\"> \n           <img class=\"picture__image\" src=\"https://www.rossmann-cdn.de/.imaging/stk/einkaufsportal/1x1teaser/dam/einkaufsportal/gesundheit/FT_Kategorie_Gesundheit.jpg/jcr:content/FT_Kategorie_Gesundheit.jpg.2016-09-02-10-45-08.2016-09-06-11-11-42.jpg\" alt=\"\"> \n          </picture> \n         </div> \n         <div class=\"teaser__text-box \"> \n          <div class=\"teaser__text-box-inner\"> \n           <h2 class=\"teaser__headline\"> Gesundheit</h2> \n           <div class=\"teaser__content\" data-js-atom=\"box\"> \n            <p class=\"teaser__text\">Alles für Ihre Hausapotheke, für Diät und Sport, für wohltuende Massagen und eine erfüllte Partnerschaft.</p> \n           </div> \n          </div> \n         </div> </a> \n       </div> \n      </div> \n      <div class=\"teaser-group__item is-1x1\"> \n       <div class=\"c-teaser\" data-css=\"c-teaser\" data-js-module=\"teaser-hover\"> \n        <a class=\"teaser__linkbox\" href=\"https://www.rossmann.de/einkaufsportal/lebensmittel.html\"> \n         <div class=\"teaser__image-box\"> \n          <picture class=\"c-picture\" data-css=\"c-picture\"> \n           <source srcset=\"https://www.rossmann-cdn.de/.imaging/stk/einkaufsportal/1x1teaser_320/dam/einkaufsportal/lebensmittel/FT_Kategorie_Lebensmittel.jpg/jcr:content/FT_Kategorie_Lebensmittel.jpg.2016-09-02-10-26-51.jpg 1x,https://www.rossmann-cdn.de/.imaging/stk/einkaufsportal/1x1teaser_320x2/dam/einkaufsportal/lebensmittel/FT_Kategorie_Lebensmittel.jpg/jcr:content/FT_Kategorie_Lebensmittel.jpg.2016-09-02-10-26-51.jpg 2x\" media=\"(max-width: 320px)\"> \n           <source srcset=\"https://www.rossmann-cdn.de/.imaging/stk/einkaufsportal/1x1teaser_479/dam/einkaufsportal/lebensmittel/FT_Kategorie_Lebensmittel.jpg/jcr:content/FT_Kategorie_Lebensmittel.jpg.2016-09-02-10-26-51.jpg 1x,https://www.rossmann-cdn.de/.imaging/stk/einkaufsportal/1x1teaser_479x2/dam/einkaufsportal/lebensmittel/FT_Kategorie_Lebensmittel.jpg/jcr:content/FT_Kategorie_Lebensmittel.jpg.2016-09-02-10-26-51.jpg 2x\" media=\"(max-width: 479px)\"> \n           <source srcset=\"https://www.rossmann-cdn.de/.imaging/stk/einkaufsportal/1x1teaser_1024/dam/einkaufsportal/lebensmittel/FT_Kategorie_Lebensmittel.jpg/jcr:content/FT_Kategorie_Lebensmittel.jpg.2016-09-02-10-26-51.jpg 1x,https://www.rossmann-cdn.de/.imaging/stk/einkaufsportal/1x1teaser_1024x2/dam/einkaufsportal/lebensmittel/FT_Kategorie_Lebensmittel.jpg/jcr:content/FT_Kategorie_Lebensmittel.jpg.2016-09-02-10-26-51.jpg 2x\" media=\"(max-width: 1024px)\"> \n           <img class=\"picture__image\" src=\"https://www.rossmann-cdn.de/.imaging/stk/einkaufsportal/1x1teaser/dam/einkaufsportal/lebensmittel/FT_Kategorie_Lebensmittel.jpg/jcr:content/FT_Kategorie_Lebensmittel.jpg.2016-09-02-10-26-51.2016-09-06-11-11-53.jpg\" alt=\"\"> \n          </picture> \n         </div> \n         <div class=\"teaser__text-box \"> \n          <div class=\"teaser__text-box-inner\"> \n           <h2 class=\"teaser__headline\"> Lebensmittel</h2> \n           <div class=\"teaser__content\" data-js-atom=\"box\"> \n            <p class=\"teaser__text\">Ein Müsli zum Frühstück, was Süßes für zwischendurch oder ein Gläschen Wein am Abend - mit unserer Auswahl an Lebensmitteln kommen Sie genussvoll durch den Tag.</p> \n           </div> \n          </div> \n         </div> </a> \n       </div> \n      </div> \n     </div> \n    </div> \n   </section> \n   <section class=\"b-seo\" data-js-module=\"seo-expand\" data-js-options=\"{&quot;btnTextCollapsed&quot; : &quot;mehr anzeigen&quot;, &quot;btnTextExpanded&quot;: &quot;weniger anzeigen&quot;}\"> \n    <h3 class=\"seo__headline\">Bei Ihrem ROSSMANN Drogeriemarkt online bestellen</h3> \n    <p class=\"seo__content\" data-js-atom=\"seo-content\">ROSSMANN verfügt als Drogeriemarkt über mehr als 2.000 Ladenfilialen, um für seine Kunden direkt vor Ort da zu sein. Auf einer informativen und übersichtlichen Webseite finden Sie nicht nur die nächstliegenden Filialen, sondern auch die Produkte des täglichen Bedarfs, die das ursprüngliche Angebot zu Parfüm, Make-Up, Pflege und Gesundheit weit übersteigen. <br><br>Produktgruppen wie Kosmetik, Bio-Produkte, Reinigungsmittel, Babynahrung oder Tierfutter machen das Leben bequemer und komfortabler. Ob im Bereich Fitness, Gesundheit, Süßwaren, Parfüm oder Haushaltswaren – Sie können immer sicher sein, dass Sie auf leistungsfähige und vor allem preisgünstige Produkte treffen. Die Geschenkideen in der ROSSMANN Ideenwelt sowie die wechselnden Aktionen und preisreduzierten Angebote runden das stimmige Gesamtbild ab.<br><br>Für alle Verbraucher vollkommen kostenlos sind die Ratgeber, die die täglichen Herausforderungen erleichtern. Beautytipps und DIYs liefern Tipps und Tricks zur Extraportion Pflege, dem richtigen Make-Up und anderen Themen. Es locken zudem Gewinnspiele mit hochwertigen Preisen. Im Babywelt Bonusclub haben Mamas und Papas die Möglichkeit, sich mit einer Erstausstattung und vielen attraktiven Extras auszustatten.<br><br>ROSSMANN: Ihr Kosmetik Online-Shop direkt vor Ort<br><br>Über die Top Marken wie finish, Aptamil, Singer und Zewa, die Qualitätsmarken und die günstigen Eigenmarken wie domol, Alterra, enerBio oder facelle punktet das Sortiments nicht nur im Bereich der Körperpflege und Kosmetik mit optimaler Qualität zu Top-Preisen: So widmen sich Shampoos, Duschgels, Rasierer und Zahnpasta, Körpermilch und Sonnencreme der Schönheit. <br><br>Mamas und Papas bestellen im Bereich Baby &amp; Kind Windeln, Bio Babynahrung, aber auch Kindermöbel, Kinderwagen und Spielzeug. Im Bereich Haushalt und unter den Reinigungsmitteln finden Sie praktische Unterstützung bei den Herausforderungen des Alltags. Nutzen Sie die Online-Vorteile im ROSSMANN Online-Shop für sich und lassen sich Ihr Paket zum Wunschtermin nach Hause oder zu einer Packstation liefern und senden die Ware kostenlos an ROSSMANN zurück. EHI-Siegel und Zertifizierung sei Dank sind Ihre persönlichen Daten zu keinem Zeitpunkt in Gefahr.<br><br>Drogerie Online-Shop versendet die alltäglichen Dinge des Lebens<br><br>ROSSMANN widmet sich im Bereich Lebensmittel dem puren Genuss und liefert auserlesene Weinangebote sowie ausgesuchte Lebensmittel wie Kaffee, Süßigkeiten, Tee, Bioprodukte und Brotaufstriche. Auch Allergiker und Verbraucher mit Lebensmittelunverträglichkeiten finden dank der gezielten Filterfunktionen bedarfsgerechte Lebensmittel, die einen gesunden und zugleich abwechslungsreichen Speiseplan verwirklichen. Abschließend bietet sich Ihnen die Gelegenheit, auch für Ihre Tiere Futter und Zubehör bei ROSSMANN zu bestellen, und eine Basis für ein glückliches Familienleben zu legen. Wir wünschen Ihnen viel Spaß beim Stöbern im Shop, in der Ideenwelt und in den Ratgebern!<br></p> \n   </section> \n  </main>\n  <footer class=\"r-footer\"> \n   <section class=\"r-footer-1\"> \n    <div class=\"b-footer-linklist\"> \n     <h2 class=\"footer-linklist__headline\"></h2> \n     <ul class=\"footer-linklist__links\"> \n      <li class=\"footer-linklist__item\"> <a class=\"footer-linklist__link\" href=\"https://www.rossmann.de/einkaufsportal/service-hilfe/filialsuche.html\" title=\"Filiale suchen\"> \n        <div class=\"footer-linklist__img\"> \n         <span class=\"footer-linklist__img-icon is-icon-filiale\">Filiale suchen</span> \n        </div> <span>Filiale suchen</span> </a> </li> \n      <li class=\"footer-linklist__item\"> <a class=\"footer-linklist__link\" href=\"https://www.rossmann.de/einkaufsportal/baby-kind/babywelt.html\" title=\"babywelt\"> \n        <div class=\"footer-linklist__img\"> \n         <span class=\"footer-linklist__img-icon is-icon-babywelt\">babywelt</span> \n        </div> <span>babywelt</span> </a> </li> \n      <li class=\"footer-linklist__item\"> <a class=\"footer-linklist__link\" href=\"https://www.rossmann.de/einkaufsportal/service-hilfe/newsletter.html\" title=\"Newsletter\"> \n        <div class=\"footer-linklist__img\"> \n         <span class=\"footer-linklist__img-icon is-icon-newsletter\">Newsletter</span> \n        </div> <span>Newsletter</span> </a> </li> \n      <li class=\"footer-linklist__item\"> <a class=\"footer-linklist__link\" href=\"http://www.rossmann.de/unternehmen/karriere.html\" title=\"Karriere\" target=\"_blank\"> \n        <div class=\"footer-linklist__img\"> \n         <span class=\"footer-linklist__img-icon is-icon-karriere\">Karriere</span> \n        </div> <span>Karriere</span> </a> </li> \n     </ul> \n    </div> \n   </section> \n   <section class=\"r-footer-2\"> \n    <div class=\"b-footer-social\"> \n     <h2 class=\"footer-social__headline\"></h2> \n     <div class=\"footer-social__left\"> \n      <ul class=\"footer-social__infolinks\"> \n       <li class=\"footer-social__infoitem\"> <a class=\"footer-social__infolink\" href=\"https://www.rossmann.de/einkaufsportal/rechtliches/impressum.html\" title=\"Impressum\">Impressum</a> </li> \n       <li class=\"footer-social__infoitem\"> <a class=\"footer-social__infolink\" href=\"https://www.rossmann.de/einkaufsportal/rechtliches/datenschutz.html\" title=\"Datenschutz\">Datenschutz</a> </li> \n       <li class=\"footer-social__infoitem\"> <a class=\"footer-social__infolink\" href=\"https://einkaufsportal.rossmann.de/site/Rossmann/927/AGB.aspx\" title=\"AGB ROSSMANN Online GmbH\" target=\"_blank\">AGB ROSSMANN Online GmbH</a> </li> \n       <li class=\"footer-social__infoitem\"> <a class=\"footer-social__infolink\" href=\"https://www.rossmann.de/einkaufsportal/service-hilfe/kontakt.html\" title=\"Kontakt\">Kontakt</a> </li> \n       <li class=\"footer-social__infoitem\"> <a class=\"footer-social__infolink\" href=\"https://www.rossmann.de/einkaufsportal/rechtliches/verbraucherschlichtung.html\" title=\"Verbraucherschlichtung\">Verbraucherschlichtung</a> </li> \n      </ul> \n     </div> \n     <div class=\"footer-social__right\"> \n      <ul class=\"footer-social__sociallinks\"> \n       <li class=\"footer-social__socialitem\"> <a class=\"footer-social__sociallink\" href=\"https://www.facebook.com/rossmann.gmbh\" target=\"_blank\"> <span class=\"footer-social__socialicon-icon is-icon-facebook\"></span> </a> </li> \n       <li class=\"footer-social__socialitem\"> <a class=\"footer-social__sociallink\" href=\"https://www.youtube.com/user/DrogerieRossmann\" target=\"_blank\"> <span class=\"footer-social__socialicon-icon is-icon-youtube\"></span> </a> </li> \n       <li class=\"footer-social__socialitem\"> <a class=\"footer-social__sociallink\" href=\"https://www.instagram.com/mein_rossmann/\" target=\"_blank\"> <img class=\"footer-social__socialicon\" src=\"https://www.rossmann-cdn.de/dam/jcr:c3f806b5-8f70-4648-acd4-a8c8e369e283/Instagram-Icon.2016-11-04-10-07-39.svg\" alt=\"\"> </a> </li> \n       <li class=\"footer-social__socialitem\"> <a class=\"footer-social__sociallink\" href=\"https://twitter.com/rossmann\" target=\"_blank\"> <span class=\"footer-social__socialicon-icon is-icon-twitter\"></span> </a> </li> \n       <li class=\"footer-social__socialitem\"> <a class=\"footer-social__sociallink\" href=\"https://www.snapchat.com/add/mein_rossmann\" target=\"_blank\"> <span class=\"footer-social__socialicon-icon is-icon-snapchat\"></span> </a> </li> \n      </ul> \n     </div> \n    </div> \n   </section> \n   <section class=\"r-footer-3\"> \n    <div class=\"b-footer-note\"> \n     <h3 class=\"footer-note__headline\">Sicher online einkaufen</h3> \n     <ul class=\"footer-note__list\"> \n      <li class=\"footer-note__item\"> <h3 class=\"footer-note__itemheadline\">Bezahlen Sie Ihre Online-Einkäufe sicher</h3> \n       <ul class=\"footer-note__sublist\"> \n        <li class=\"footer-note__subitem\"> <a class=\"footer-note__link\" href=\"https://www.rossmann.de/einkaufsportal/service-hilfe/faq.html#rechnung\" title=\"Kauf auf Rechnung\"><img class=\"footer-note__image\" src=\"https://www.rossmann-cdn.de/dam/jcr:e9902aec-0119-4008-b687-11654c4ac133/rechnung.2016-09-08-08-33-53.jpg\" alt=\"\"> </a> </li> \n        <li class=\"footer-note__subitem\"> <a class=\"footer-note__link\" href=\"https://www.rossmann.de/einkaufsportal/service-hilfe/faq.html#paypal\" title=\"PayPal\"><img class=\"footer-note__image\" src=\"https://www.rossmann-cdn.de/dam/jcr:0421d083-7bf5-499f-a8db-727d35688e5c/paypal.2016-09-08-08-33-53.jpg\" alt=\"\"> </a> </li> \n        <li class=\"footer-note__subitem\"> <a class=\"footer-note__link\" href=\"https://www.rossmann.de/einkaufsportal/service-hilfe/faq.html#sofortueberweisung\" title=\"Sofortüberweisung\"><img class=\"footer-note__image\" src=\"https://www.rossmann-cdn.de/dam/jcr:6646a59e-1c73-4728-b0a1-46d2a53b5474/sofort.2016-09-08-08-33-53.jpg\" alt=\"\"> </a> </li> \n        <li class=\"footer-note__subitem\"> <a class=\"footer-note__link\" href=\"https://www.rossmann.de/einkaufsportal/service-hilfe/faq.html#kreditkarte\" title=\"MasterCard\"><img class=\"footer-note__image\" src=\"https://www.rossmann-cdn.de/dam/jcr:f01be458-2301-4099-b605-732c08f04c45/master.2016-09-08-08-33-53.jpg\" alt=\"\"> </a> </li> \n        <li class=\"footer-note__subitem\"> <a class=\"footer-note__link\" href=\"https://www.rossmann.de/einkaufsportal/service-hilfe/faq.html#kreditkarte\" title=\"VISA\"><img class=\"footer-note__image\" src=\"https://www.rossmann-cdn.de/dam/jcr:56a91644-4f09-4c22-beee-698c239c6ba5/visa.2016-09-08-08-33-53.jpg\" alt=\"\"> </a> </li> \n        <li class=\"footer-note__subitem\"> <a class=\"footer-note__link\" href=\"https://www.rossmann.de/einkaufsportal/service-hilfe/faq.html#kreditkarte\" title=\"AMERICAN EXPRESS\"><img class=\"footer-note__image\" src=\"https://www.rossmann-cdn.de/dam/jcr:4e1a7bee-38d9-474f-a8f9-f357a5fbe1c1/amex.2016-09-08-08-33-54.jpg\" alt=\"\"> </a> </li> \n       </ul> </li> \n      <li class=\"footer-note__item\"> <h3 class=\"footer-note__itemheadline\">Erhalten Sie Ihre Online-Einkäufe sicher</h3> \n       <ul class=\"footer-note__sublist\"> \n        <li class=\"footer-note__subitem\"> <a class=\"footer-note__link\" href=\"https://www.rossmann.de/einkaufsportal/service-hilfe/faq.html#versandkosten\" title=\"DHL Packstation\"><img class=\"footer-note__image\" src=\"https://www.rossmann-cdn.de/dam/jcr:facf1c5b-beab-468a-b0d9-39bd1532ac48/dhl.2017-03-14-14-43-25.jpg\" alt=\"\"> </a> </li> \n        <li class=\"footer-note__subitem\"> <a class=\"footer-note__link\" href=\"https://ehi-siegel.de/verbraucher/shops-mit-siegel/zertifizierte-shops/zertifikat/b829483f1cac6b1d36d55b031ca32c01/\" title=\"ehi\" target=\"_blank\"><img class=\"footer-note__image\" src=\"https://www.rossmann-cdn.de/dam/jcr:d2ad2309-3279-4bfa-b01f-49c1d604a2b7/ehi.2016-09-08-08-33-53.jpg\" alt=\"\"> </a> </li> \n       </ul> </li> \n      <li class=\"footer-note__item\"> <h3 class=\"footer-note__itemheadline\">Kaufen Sie sicher online ein</h3> \n       <ul class=\"footer-note__sublist\"> \n        <li class=\"footer-note__subitem\"> <a class=\"footer-note__link\" href=\"http://www.bevh.org/leistungen/guetesiegel/\" title=\"bevh\" target=\"_blank\"><img class=\"footer-note__image\" src=\"https://www.rossmann-cdn.de/dam/jcr:a7f7bf32-c97a-4950-aecd-740238f8f999/bevh.2016-09-08-08-33-54.jpg\" alt=\"\"> </a> </li> \n        <li class=\"footer-note__subitem\"> <a class=\"footer-note__link\" href=\"https://www.rossmann.de/dam/einkaufsportal/startseite/footer/Bio-Zertifikat.pdf\" title=\"bio-zertifikat\" target=\"_blank\"><img class=\"footer-note__image\" src=\"https://www.rossmann-cdn.de/dam/jcr:6831ff5b-3fae-48eb-b58d-1e7170ced38d/EU_organic_Logo.2016-09-08-08-33-53.jpg\" alt=\"\"> </a> </li> \n       </ul> </li> \n     </ul> \n    </div> \n   </section> \n   <section class=\"r-footer-4\"> \n    <nav class=\"b-footer-nav\"> \n     <h2 class=\"footer-nav__headline\">Ihre Vorteile beim Online-Kauf</h2> \n     <ul class=\"footer-nav__list\"> \n      <li class=\"footer-nav__item has-teaser\"> \n       <div class=\"footer-nav__teaser\"> \n        <div class=\"footer-nav__teaser-text-box\"> \n         <h2 class=\"footer-nav__teaser-headline\">Ihre Vorteile beim Online-Kauf</h2> \n         <ul class=\"footer-nav__teaser-list is-col-1\"> \n          <li class=\"footer-nav__teaser-listitem\">Kein Mindestbestellwert</li> \n          <li class=\"footer-nav__teaser-listitem\">Kostenlose Rücksendung</li> \n          <li class=\"footer-nav__teaser-listitem\">Lieferung zum Wunschtermin</li> \n         </ul> \n         <ul class=\"footer-nav__teaser-list is-col-2\"> \n          <li class=\"footer-nav__teaser-listitem\">Kauf auf Rechnung</li> \n         </ul> \n        </div> \n        <div class=\"footer-nav__teaser-image\"> \n         <a class=\"footer-nav__teaser-image\" href=\"https://www.rossmann.de/einkaufsportal/service-hilfe/auszeichnungen.html\" title=\"Auszeichnungen\"> \n          <picture class=\"c-picture\" data-css=\"c-picture\"> \n           <source srcset=\"https://www.rossmann-cdn.de/.imaging/stk/einkaufsportal/footerNav/dam/einkaufsportal/service-hilfe/auszeichnungen/CM_DISQ_532x300.jpg/jcr:content/DISQ.png.2017-01-02-08-33-08.png 1x, 2x\" media=\"(min-width: 280px)\"> \n           <img class=\"picture__image\" src=\"https://www.rossmann-cdn.de/.imaging/stk/einkaufsportal/footerNav/dam/einkaufsportal/service-hilfe/auszeichnungen/CM_DISQ_532x300.jpg/jcr:content/DISQ.png.2017-01-02-08-33-08.2017-01-02-08-33-13.png\" alt=\"\"> \n          </picture> </a> \n        </div> \n       </div> </li> \n      <li class=\"footer-nav__item\"> \n       <ul class=\"footer-nav__sublist\"> \n        <li class=\"footer-nav__subitem\"> <a class=\"footer-nav__link-is-cap\" href=\"http://www.rossmann-fotowelt.de/startseite/#&amp;panel1-1\" title=\"Fotowelt\" target=\"_blank\">Fotowelt</a> </li> \n        <li class=\"footer-nav__subitem\"> <a class=\"footer-nav__link-is-cap\" href=\"http://www.rossmann-mobil.otelo.de/\" title=\"Rossmann mobil\" target=\"_blank\">Rossmann mobil</a> </li> \n        <li class=\"footer-nav__subitem\"> <a class=\"footer-nav__link-is-cap\" href=\"https://www.rossmann.de/einkaufsportal/baby-kind/babywelt.html\" title=\"Babywelt\">Babywelt</a> </li> \n        <li class=\"footer-nav__subitem\"> <a class=\"footer-nav__link-is-cap\" href=\"http://www.rossmann.de/unternehmen/karriere.html\" title=\"Karriere\" target=\"_blank\">Karriere</a> </li> \n        <li class=\"footer-nav__subitem\"> <a class=\"footer-nav__link-is-cap\" href=\"http://www.rossmann-business.de\" title=\"Geschäftskunden\" target=\"_blank\">Geschäftskunden</a> </li> \n       </ul> </li> \n      <li class=\"footer-nav__item\"> \n       <ul class=\"footer-nav__sublist\"> \n        <li class=\"footer-nav__subitem\"> <a class=\"footer-nav__link-is-cap\" href=\"https://www.rossmann.de/einkaufsportal/services-filiale.html\" title=\"Services in Ihrer Filiale\">Services in Ihrer Filiale</a> </li> \n        <li class=\"footer-nav__subitem\"> <a class=\"footer-nav__link\" href=\"https://www.rossmann.de/einkaufsportal/services-filiale/geschenkservice.html\" title=\"Geschenkservice\">Geschenkservice</a> </li> \n        <li class=\"footer-nav__subitem\"> <a class=\"footer-nav__link\" href=\"https://www.rossmann.de/einkaufsportal/services-filiale/fotoservice.html\" title=\"ROSSMANN Fotoservice\">ROSSMANN Fotoservice</a> </li> \n        <li class=\"footer-nav__subitem\"> <a class=\"footer-nav__link\" href=\"https://www.rossmann.de/einkaufsportal/services-filiale/prepaid-karten.html\" title=\"Prepaid-Karten\">Prepaid-Karten</a> </li> \n        <li class=\"footer-nav__subitem\"> <a class=\"footer-nav__link\" href=\"https://www.rossmann.de/einkaufsportal/services-filiale/ruecknahmegarantie.html\" title=\"Rücknahmegarantie\">Rücknahmegarantie</a> </li> \n        <li class=\"footer-nav__subitem\"> <a class=\"footer-nav__link\" href=\"https://www.rossmann.de/einkaufsportal/services-filiale/teppichreiniger-verleih.html\" title=\"Teppichreiniger-Verleih\">Teppichreiniger-Verleih</a> </li> \n       </ul> </li> \n      <li class=\"footer-nav__item\"> \n       <ul class=\"footer-nav__sublist\"> \n        <li class=\"footer-nav__subitem\"> <a class=\"footer-nav__link-is-cap\" href=\"https://www.rossmann.de/einkaufsportal/kategorien.html\" title=\"Kategorien\">Kategorien</a> </li> \n        <li class=\"footer-nav__subitem\"> <a class=\"footer-nav__link\" href=\"https://www.rossmann.de/einkaufsportal/schoenheit.html\" title=\"Schönheit\">Schönheit</a> </li> \n        <li class=\"footer-nav__subitem\"> <a class=\"footer-nav__link\" href=\"https://www.rossmann.de/einkaufsportal/baby-kind.html\" title=\"Baby &amp; Kind\">Baby &amp; Kind</a> </li> \n        <li class=\"footer-nav__subitem\"> <a class=\"footer-nav__link\" href=\"https://www.rossmann.de/einkaufsportal/haushalt.html\" title=\"Haushalt\">Haushalt</a> </li> \n        <li class=\"footer-nav__subitem\"> <a class=\"footer-nav__link\" href=\"https://www.rossmann.de/einkaufsportal/tier.html\" title=\"Tier\">Tier</a> </li> \n        <li class=\"footer-nav__subitem\"> <a class=\"footer-nav__link\" href=\"https://www.rossmann.de/einkaufsportal/gesundheit.html\" title=\"Gesundheit\">Gesundheit</a> </li> \n        <li class=\"footer-nav__subitem\"> <a class=\"footer-nav__link\" href=\"https://www.rossmann.de/einkaufsportal/lebensmittel.html\" title=\"Lebensmittel\">Lebensmittel</a> </li> \n        <li class=\"footer-nav__subitem\"> <a class=\"footer-nav__link\" href=\"https://www.rossmann.de/einkaufsportal/marken.html\" title=\"Marken\">Marken</a> </li> \n        <li class=\"footer-nav__subitem\"> <a class=\"footer-nav__link\" href=\"https://www.rossmann.de/einkaufsportal/angebote.html\" title=\"Angebote\">Angebote</a> </li> \n       </ul> </li> \n      <li class=\"footer-nav__item\"> \n       <ul class=\"footer-nav__sublist\"> \n        <li class=\"footer-nav__subitem\"> <a class=\"footer-nav__link-is-cap\" href=\"https://www.rossmann.de/einkaufsportal/service-hilfe.html\" title=\"Service &amp; Hilfe\">Service &amp; Hilfe</a> </li> \n        <li class=\"footer-nav__subitem\"> <a class=\"footer-nav__link\" href=\"https://www.rossmann.de/einkaufsportal/service-hilfe/kontakt.html\" title=\"Kontakt\">Kontakt</a> </li> \n        <li class=\"footer-nav__subitem\"> <a class=\"footer-nav__link\" href=\"https://www.rossmann.de/einkaufsportal/service-hilfe/faq.html\" title=\"Häufige Fragen\">Häufige Fragen</a> </li> \n        <li class=\"footer-nav__subitem\"> <a class=\"footer-nav__link\" href=\"https://www.rossmann.de/einkaufsportal/mein-konto/login.html\" title=\"Mein Konto\">Mein Konto</a> </li> \n        <li class=\"footer-nav__subitem\"> <a class=\"footer-nav__link\" href=\"https://www.rossmann.de/einkaufsportal/service-hilfe/newsletter.html\" title=\"Newsletter\">Newsletter</a> </li> \n        <li class=\"footer-nav__subitem\"> <a class=\"footer-nav__link\" href=\"https://www.rossmann.de/einkaufsportal/service-hilfe/blogger-newsletter.html\" title=\"Blogger-Newsletter\">Blogger-Newsletter</a> </li> \n        <li class=\"footer-nav__subitem\"> <a class=\"footer-nav__link\" href=\"https://www.rossmann.de/einkaufsportal/service-hilfe/rossmann-app.html\" title=\"ROSSMANN-App\">ROSSMANN-App</a> </li> \n        <li class=\"footer-nav__subitem\"> <a class=\"footer-nav__link\" href=\"https://www.rossmann.de/einkaufsportal/service-hilfe/faq.html#pfand\" title=\"Entsorgung\">Entsorgung</a> </li> \n       </ul> </li> \n      <li class=\"footer-nav__item\"> \n       <ul class=\"footer-nav__sublist\"> \n        <li class=\"footer-nav__subitem\"> <a class=\"footer-nav__link-is-cap\" href=\"http://www.rossmann.de/unternehmen/\" title=\"Unternehmen\" target=\"_blank\">Unternehmen</a> </li> \n        <li class=\"footer-nav__subitem\"> <a class=\"footer-nav__link\" href=\"http://www.rossmann.de/unternehmen/ueber_uns.html\" title=\"Über uns\" target=\"_blank\">Über uns</a> </li> \n        <li class=\"footer-nav__subitem\"> <a class=\"footer-nav__link\" href=\"http://www.rossmann.de/unternehmen/soziale-verantwortung.html\" title=\"Soziale Verantwortung\" target=\"_blank\">Soziale Verantwortung</a> </li> \n        <li class=\"footer-nav__subitem\"> <a class=\"footer-nav__link\" href=\"http://www.rossmann.de/unternehmen/karriere.html\" title=\"Karriere\" target=\"_blank\">Karriere</a> </li> \n        <li class=\"footer-nav__subitem\"> <a class=\"footer-nav__link\" href=\"http://www.rossmann.de/unternehmen/presse.html\" title=\"Presse\" target=\"_blank\">Presse</a> </li> \n        <li class=\"footer-nav__subitem\"> <a class=\"footer-nav__link\" href=\"http://www.rossmann.de/unternehmen/expansion.html\" title=\"Expansion\" target=\"_blank\">Expansion</a> </li> \n       </ul> </li> \n     </ul> \n    </nav> \n   </section> \n   <section class=\"r-footer-5\"> \n    <div class=\"b-footer-copyright\"> \n     <h3 class=\"footer-copyright__headline\">ROSSMANN Copyright © 2017 - Dirk Rossmann GmbH und Rossmann Online GmbH oder Tochtergesellschaften</h3> \n     <p class=\"footer-copyright__content\">Angebote mit der Kennzeichnung \"nur online erhältlich\" sind Angebote der Rossmann Online GmbH. Angebote mit der Kennzeichnung \"nur in Ihrer Filiale erhältlich\" sind Angebote der Dirk Rossmann GmbH. <br>Für die Angebote der Rossmann Online GmbH gilt: Preise inkl. gesetzl. MwSt. zzgl. Versand. Pro Bestellung werden Versandkosten in Höhe von 4,95 € berechnet. Bei Nachnahme werden zzgl. zu den Versandkosten 5,60 € berechnet. Bitte beachten Sie, dass bei großen, sperrigen Produkten statt der Versandkosten Frachtkostenzuschläge anfallen können. Wird als Zahlungsart Nachnahme gewählt, kann eine erhöhte Nachnahmegebühr anfallen.<br>Es gelten bei Angeboten der Rossmann Online GmbH die Allg. Geschäftsbedingungen der Rossmann Online GmbH. Für die Angebote der Dirk Rossmann GmbH gilt: Preise inkl. MwSt.. Abweichende Preise aus Angeboten sind in den Filialen möglich. Trotz sorgfältiger Bevorratung kann es vorkommen, dass ein Aktionsartikel schneller als vorgesehen ausverkauft ist. Wir geben deshalb keine Liefergarantie. Es gilt: \"Nur solange Vorrat reicht.\" Irrtümer vorbehalten. <br>¹ UVP = Unverbindliche Preisempfehlung des Herstellers<br>² Ausgenommen Bücher, Zeitschriften und Pfandbeträge. Keine Einlösung möglich in unseren Partnershops, in der ROSSMANN Fotowelt oder in den ROSSMANN Filialen. Eine Auszahlung des Gutscheinbetrages ist nicht möglich. 5% Rabatt auf den Warenkorbwert im ROSSMANN Online-Shop erhalten Sie bis zum Ende Ihrer Mitgliedschaft in der babywelt. Es gelten die Allgemeinen Geschäftsbedingungen der Rossmann Online GmbH, Isernhägener Str. 16, 30938 Burgwedel<br>³ Jede Bestellung im Online-Shop, die mindestens ein Produkt aus der Kategorie \"Papier, Filter &amp; Folien\" enthält, erhält bei Eingabe des Codes Regina, eine Packung Regina Softis Aktiv 15x9 Taschentücher gratis dazu. Solange der Vorrat reicht. Keine Einlösung möglich in unseren Partnershops, in der Rossmann Fotowelt oder in den Rossmann-Filialen. Eine Auszahlung des Gutscheinbetrages ist nicht möglich. <br>⁴Gilt auf alle ROSSMANN Fotobücher. Versandkostenfrei bei Abholung in der ROSSMANN Filiale. Bei Postversand nach Hause zzgl. 2.59 € Versandkosten. Preise inkl. MwSt. Gilt nicht für das CEWE FOTOBUCH.<br>⁵Jede Bestellung im Online-Shop, die mindestens dove Produkte im Wert von 5,00 € enthält, erhält eine dove Seife (Muttertag) gratis dazu. Solange der Vorrat reicht. Keine Einlösung möglich in unseren Partnershops, in der Rossmann Fotowelt oder in den Rossmann-Filialen. Eine Auszahlung des Gutscheinbetrages ist nicht möglich. <br>⁶ Jede Bestellung im Online-Shop, die Zewa Produkte im Wert von 5€ enthält, versenden wir heute versandkostenfrei. Gilt nur auf Versandkosten (max. 4,95€) und nicht auf Frachtkosten. Nur gültig am 21.04.2017. Einmal pro Kunde einlösbar. Eine Auszahlung des Gutscheinbetrages ist nicht möglich.</p> \n    </div> \n   </section> \n  </footer> \n  <a class=\"b-scroll-to-top-button\" href=\"#\" title=\"nach oben\" data-js-module=\"to-top-button\">nach oben</a> \n  <script type=\"text/template\" id=\"tmpl-lightbox\">\n    <div id=\"lightbox\" class=\"b-lightbox\">\n        <div class=\"lightbox__box\">\n            <div class=\"lightbox__box-inner\">\n                <div class=\"lightbox__content\">\n                    <button class=\"lightbox__close\" type=\"button\"><span class=\"lightbox__close-icon\"></span></button>\n                    <div class=\"lightbox__content-box\">\n                        <div class=\"lightbox__container\"></div>\n                    </div>\n                </div>\n            </div>\n        </div>\n    </div>\n</script> \n  <script type=\"text/javascript\" src=\"https://display.ugc.bazaarvoice.com/static/rossmann-de/Main Site/de_DE/bvapi.js\"></script> \n  <script type=\"text/javascript\">\n    </script> \n  <script src=\"https://www.rossmann-cdn.de/resources/templating-kit/themes/einkaufsportal/1.51.0-2017.04.19.09.13/js/vendor/libs.js\" type=\"text/javascript\"></script> \n  <script src=\"https://www.rossmann-cdn.de/resources/templating-kit/themes/einkaufsportal/1.51.0-2017.04.19.09.13/js/main.js\" type=\"text/javascript\"></script> \n  <script src=\"https://www.rossmann-cdn.de/resources/templating-kit/themes/einkaufsportal/1.51.0-2017.04.19.09.13/js/tracking/emos2.js\" type=\"text/javascript\"></script> \n  <script src=\"https://www.rossmann-cdn.de/resources/templating-kit/themes/einkaufsportal/1.51.0-2017.04.19.09.13/js/tracking/ld.js\" type=\"text/javascript\"></script> \n  <script type=\"text/javascript\" src=\"https://www.googleadservices.com/pagead/conversion.js\"></script>   \n  <script type=\"text/javascript\">\n            econdaContentLabel('ROSSMANN Online-Shop');\n</script>\n  <script type=\"text/javascript\">\n        window.criteo_q = window.criteo_q || [];\n    window.criteo_q.push(\n        { event: 'setAccount', account: '23938' },\n        { event: 'setSiteType', type: 'd' },\n        { event: 'viewHome' }\n    );\n</script>\n  <script type=\"text/javascript\">\n    var google_tag_params = {\n        ecomm_prodid: ['008074'],\n        ecomm_pagetype: 'home',\n        ecomm_totalvalue: 0\n    };\n</script> \n  <script type=\"text/javascript\">\n    /* <![CDATA[ */\n    var google_conversion_id = 1071069739;\n    var google_custom_params = window.google_tag_params;\n    var google_remarketing_only = true;\n    /* ]]> */\n</script> \n  <noscript> \n   &lt;div style=\"display:inline;\"&gt; \n    &lt;img height=\"1\" width=\"1\" style=\"border-style:none;\" alt=\"\" src=\"//googleads.g.doubleclick.net/pagead/viewthroughconversion/1071069739/?value=0&amp;amp;guid=ON&amp;amp;script=0\" /&gt; \n   &lt;/div&gt; \n  </noscript>\n  <script type=\"text/javascript\" charset=\"utf-8\">\n\nif (typeof utm268 === 'undefined') {\n\n    var utm268 = {};\n\n    utm268.data = {\n        advertiser_id: 'adv_m24014_51',\n        pt_pagetype: 'Startseite',\n        pt_checkout: '',\n        pt_conversion: '',\n        pt_conversion_orderid: '',\n        pt_conversion_total: '',\n        pt_conversion_quantity: '',\n        pt_conversion_success: '',\n        pt_category: '',\n        pt_subcategory1: '',\n        pt_subcategory2: '',\n        pt_subcategory3: '',\n        pt_subcategory4: '',\n        pt_subcategory5: '',\n        pt_productname: '',\n        pt_productid: '',\n        pt_channel: '',\n        pt_channel_keyword: '',\n        pt_customvar1: '',\n        pt_customvar2: 'Einkaufsportal',\n        pt_customvar3: '', \n        pt_customvar4: '',\n        pt_customvar5: '',\n        pt_customvar6: '',\n        pt_loc: decodeURI(document.location.href),\n        pt_ref: decodeURI(document.referrer),\n        pt_protocol: ((\"https:\" == document.location.protocol) ? \"https://\" : \"http://\"),\n        pt_cachebuster: new Date().getTime()\n    };\n\n    utm268.script = {\n        init: function () {\n            ifrm = document.createElement(\"iframe\"); \n            ifrm.setAttribute(\"width\", \"1\");\n            ifrm.setAttribute(\"height\", \"1\");\n            ifrm.setAttribute(\"src\", utm268.data.pt_protocol + 'imagesrv.adition.com/banners/268/xml/utm/268/' + utm268.data.advertiser_id + '.html?' + 'advertiser_id=' + encodeURIComponent(utm268.data.advertiser_id) + '&' + 'pagetype=' + encodeURIComponent(utm268.data.pt_pagetype) + '&' + 'checkout=' + encodeURIComponent(utm268.data.pt_checkout) + '&' + 'conversion=' + encodeURIComponent(utm268.data.pt_conversion) + '&' + 'conversion_orderid=' + encodeURIComponent(utm268.data.pt_conversion_orderid) + '&' + 'conversion_total=' + encodeURIComponent(utm268.data.pt_conversion_total) + '&' + 'conversion_quantity=' + encodeURIComponent(utm268.data.pt_conversion_quantity) + '&' + 'conversion_success=' + encodeURIComponent(utm268.data.pt_conversion_success) + '&' + 'category=' + encodeURIComponent(utm268.data.pt_category) + '&' + 'subcategory1=' + encodeURIComponent(utm268.data.pt_subcategory1) + '&' + 'subcategory2=' + encodeURIComponent(utm268.data.pt_subcategory2) + '&' + 'subcategory3=' + encodeURIComponent(utm268.data.pt_subcategory3) + '&' + 'subcategory4=' + encodeURIComponent(utm268.data.pt_subcategory4) + '&' + 'subcategory5=' + encodeURIComponent(utm268.data.pt_subcategory5) + '&' + 'productname=' + encodeURIComponent(utm268.data.pt_productname) + '&' + 'productid=' + encodeURIComponent(utm268.data.pt_productid) + '&' + 'channel=' + encodeURIComponent(utm268.data.pt_channel) + '&' + 'channel_keyword=' + encodeURIComponent(utm268.data.pt_channel_keyword) + '&' + 'customvar1=' + encodeURIComponent(utm268.data.pt_customvar1) + '&' + 'customvar2=' + encodeURIComponent(utm268.data.pt_customvar2) + '&' + 'customvar3=' + encodeURIComponent(utm268.data.pt_customvar3) + '&' + 'customvar4=' + encodeURIComponent(utm268.data.pt_customvar4) + '&' + 'customvar5=' + encodeURIComponent(utm268.data.pt_customvar5) + '&' + 'customvar6=' + encodeURIComponent(utm268.data.pt_customvar6) + '&' + 'referrer=' + encodeURIComponent(utm268.data.pt_ref) + '&' + 'cachebuster=' + encodeURIComponent(utm268.data.pt_cachebuster) + '&' + 'href=' + encodeURIComponent(utm268.data.pt_loc) ); \n            document.getElementsByTagName('head')[0].appendChild(ifrm);\n        }\n    };\n\n    utm268.script.init();\n    \n}\n</script>\n \n<div id=\"lightbox\" class=\"b-lightbox is-in-view\">\n        <div class=\"lightbox__box\">\n            <div class=\"lightbox__box-inner\">\n                <div class=\"lightbox__content\">\n                    <button class=\"lightbox__close\" type=\"button\"><span class=\"lightbox__close-icon\"></span></button>\n                    <div class=\"lightbox__content-box\">\n                        <div class=\"lightbox__container\"></div><div class=\"lightbox__container-clone\" style=\"opacity: 0; position: absolute;\"></div>\n                    </div>\n                </div>\n            </div>\n        </div>\n    </div><div class=\"ui-mediaquery-js-provider\"></div><div class=\"bv-verify-css-loaded\" style=\"height: 0px; width: 0px; border: 0px;\"></div><div id=\"criteo-tags-div\" style=\"display: none;\"><iframe height=\"0\" width=\"0\" src=\"//dis.eu.criteo.com/dis/dis.aspx?p=23938&amp;cb=97503061144&amp;ref=&amp;sc_r=1280x1024&amp;sc_d=24\" style=\"display: none;\"></iframe></div></body>"}
